2263 2788
969 91 1286 115 —V1—-..

148 180 271 220 quum
293 164 484 210 hodieque
505 166 607 196 extet
630 158 767 206 Lysiae
791 158 912 194 oratio
938 158 1026 192 κατὰ
1047 156 1275 203 Ἐπικράτους
1303 158 1361 193 καὶ
1383 157 1455 193 τῶν
1478 160 1790 207 συμπρεσβευτῶν,
1830 173 1950 210 quum
1969 160 2011 198 in
2032 168 2112 199 nia*

147 222 262 258 nibus
290 217 496 252 habeamus
519 209 791 245 Demosthenis
820 208 1009 244 orationes
1042 210 1129 254 πρὸς
1158 211 1382 252 Ναυσίμαχον
1414 211 1473 243 καὶ
1501 212 1719 256 Ξενοπείθη,
1758 213 1848 246 κατὰ
1877 212 2025 258 Εὐέργου
2054 215 2113 247 καὶ

151 267 414 313 Μνησιβούλου,
439 267 556 308 quum
579 260 671 294 olim
688 259 855 293 extiterit
879 259 1016 304 Lysiae
1042 260 1162 294 oratio
1190 261 1279 304 πρὸς
1315 260 1510 303 Νικόδημον
1533 265 1590 295 καὶ
1618 263 1870 307 Κριτόβουλον,
1900 263 1996 297 Isaei
2023 264 2111 296 κατὰ

145 317 355 362 Ἐλπαγόρου
381 316 436 348 καὶ
452 310 699 354 Δημοφᾶνους,
726 307 929 355 Hyperidis
954 309 1042 353 πρὸς
1064 311 1210 343 Πυθέαν
1225 312 1282 343 καὶ
1298 310 1518 356 Λυκοῦργον,
1551 312 1731 347 Dinarchi
1751 312 1839 357 πρὸς
1866 313 2037 358 Περικλέα
2055 315 2113 345 καὶ

152 368 393 416 Δημυκράτην,
418 361 607 397 orationes
630 359 747 407 igitur
764 366 895 393 contra
917 358 1011 393 duos
1032 360 1193 407 scriptae
1215 372 1292 395 non
1310 360 1406 395 adeo
1425 374 1529 397 rarae
1550 362 1692 397 fuerint
1714 374 1807 407 usu,
1841 363 2113 409 unusquisque,

155 422 223 469 qui
242 418 355 455 modo
377 413 472 462 legit
494 412 592 451 λόγος
613 408 685 442 κατ’
697 408 918 451 Ἀλκιβιάδη
940 412 997 442 καὶ
1018 412 1170 448 Φαίακος
1196 412 1443 454 γεγραμμένος,
1478 412 1519 445 in
1543 422 1626 445 eam
1646 411 1816 459 primum
1835 412 2003 447 defertur
2029 423 2114 446 sen·

154 471 335 512 tentiam,
366 471 410 498 ut
434 461 645 497 orationem
665 466 798 493 contra
814 459 1049 494 Alcibiadem
1068 468 1105 494 et
1125 461 1334 495 Phaeacem
1355 461 1533 508 scriptam
1560 461 1762 509 significari
1781 462 1917 497 credat.
1968 462 2113 496 Verum

155 529 304 563 tamen,
340 525 427 550 cum
448 524 492 546 ea
508 511 556 545 sit
570 509 785 544 Plutarchei
806 509 882 543 loci
908 509 1168 554 cohaerentia,
1196 517 1240 544 ut
1261 510 1500 559 significanda
1519 511 1633 545 fuerit
1651 511 1769 545 oratio
1787 512 1833 545 ab
1850 511 2018 546 Phaeace
2036 520 2115 545 non

159 576 285 606 contra
302 565 513 600 Phaeacem
528 560 685 607 scripta,
714 559 827 604 (quae
850 558 952 592 enim
978 570 1066 592 eum
1085 559 1213 593 locum
1233 560 1466 606 praecedunt
1492 560 1539 595 ad
1559 561 1770 595 facundiam
1788 560 1983 607 pertinent
1999 560 2117 595 Phae-

157 620 252 663 acis,
274 616 339 663 qui
352 612 500 649 dicendi
519 610 630 645 laude
653 608 698 643 ab
716 607 909 643 Alcibiade
928 616 1125 655 superatus
1146 609 1214 653 sit,
1245 610 1364 657 ipsius
1382 610 1423 644 in
1439 610 1634 657 republica
1651 611 1860 645 adversario
1884 618 1922 645 et
1936 610 2115 654 aemulo),

161 677 357 716 quumque
385 665 442 696 καὶ
466 668 506 695 et
532 657 577 698 aie
598 667 675 694 tam
697 658 882 692 similibus
903 658 1003 692 notis
1028 659 1252 704 scribantur,
1294 667 1338 694 ut
1364 666 1403 693 et
1422 660 1533 694 facile
1557 661 1738 695 confundi
1761 660 1907 707 possint
1933 667 1972 694 et
2003 670 2116 705 saepe

159 717 401 754 librariorum
426 711 647 746 oscitatione
678 709 833 742 confusa
857 708 950 752 sint,
968 709 1020 752 ¹⁰)
1048 715 1237 755 praestare
1264 708 1411 743 videtur
1437 709 1661 744 rescribere:
1696 712 1843 756 Φέρεται
1870 710 1908 744 δὲ
1936 712 1994 742 καὶ
2017 709 2116 749 λόγος

157 780 210 806 τις
229 765 301 800 κατ’
316 762 536 805 Ἀλκιβιάδου
562 756 588 793 ὦ
600 771 616 797 ς
639 761 791 795 Φαίακος
818 760 1048 802 γεγραμμένος
1075 758 1229 802 „fertur
1245 758 1364 792 oratio
1380 758 1564 803 quaedam
1581 766 1711 794 contra
1722 760 1955 795 Alcibiadem
1969 759 2118 805 scripta,

157 826 203 854 ut
221 813 445 852 Phaeadsfl
495 811 539 844 Id
556 811 587 843 si
606 815 706 843 recte
725 808 904 851 coniicio,
928 808 1150 841 Plutarchus
1176 808 1401 856 significasse
1424 807 1614 854 putandus
1634 815 1708 854 est,
1741 810 1908 856 primum
1932 821 2017 844 eam
2038 819 2119 843 ora-

158 869 306 903 tionem
333 861 539 899 admodum
563 860 762 893 obscuram
782 865 820 891 et
843 857 1053 905 ignobilem
1093 856 1216 905 (λόγος
1237 858 1324 902 τις),
1355 857 1445 892 dein
1470 858 1648 893 Phaeacis
1673 859 1829 904 quidem
1854 860 2010 894 nomine
2038 869 2120 892 esse

157 917 399 961 inscriptam,
424 909 712 955 inscriptionem
729 914 857 941 autem
877 919 962 941 eam
982 914 1197 953 suspectam
1221 907 1348 942 videri.
1401 908 1543 941 Verum
1564 919 1606 942 ea
1622 908 1669 942 de
1687 908 1902 946 coniectura
1920 909 2002 943 aliis
2018 906 2121 942 aliud

159 968 327 1015 placeat,
362 960 463 1007 quod
481 959 644 1004 Tayloro
668 964 795 991 autem
817 956 1075 991 firmissimum
1095 957 1218 990 visum
1242 964 1300 991 est
1319 964 1606 1005 argumentum,
1640 957 1680 992 id
1702 957 1779 992 iam
1803 957 1946 992 corruit
1968 958 2041 1003 ita,
2079 963 2123 991 ut

159 1017 273 1064 plane
292 1014 421 1048 iaceat.
476 1010 584 1056 Quae
610 1018 699 1041 vero
718 1013 915 1052 praeterea
932 1006 1182 1041 Ruhnkenius
1205 1015 1244 1041 et
1266 1006 1532 1041 Valckenarius
1550 1007 1715 1053 Tayloro
1737 1014 2018 1055 opposuerunt,
2043 1017 2124 1041 non

162 1073 252 1100 sunt
274 1061 480 1097 admodum
501 1057 631 1092 valida.
692 1056 943 1089 Ruhnkenius
970 1056 1073 1089 enim
1104 1056 1203 1101 „sed
1222 1057 1374 1104 finge,“
1408 1056 1532 1101 inquit
1558 1057 1770 1101 „Phaeacis
1798 1068 1879 1091 esse
1903 1057 2123 1091 orationem.

161 1115 281 1150 Illene
296 1109 548 1152 Alcibiadem,
584 1117 752 1152 quocum
779 1104 824 1138 de
842 1105 1064 1151 Hyperbolo
1089 1105 1275 1140 eiiciendo
1304 1112 1564 1150 consenserat,
1587 1113 1665 1141 tam
1686 1106 1851 1155 indignis
1877 1106 1997 1141 modis
2020 1117 2126 1140 acce-

161 1162 304 1212 pisset?
345 1168 382 1195 et
406 1159 489 1205 quis
516 1157 728 1191 orationem
753 1154 868 1188 habet
889 1154 1066 1188 adversus
1093 1167 1201 1200 eum,
1231 1167 1395 1201 quocum
1424 1155 1669 1201 conspiret?“
1738 1156 1818 1205 Ego
1840 1167 1929 1191 vero
1966 1162 2005 1190 et
2032 1155 2125 1189 olim

162 1214 313 1249 licuisse
330 1210 490 1245 arbitror
514 1214 552 1241 et
575 1217 677 1240 nunc
700 1205 835 1249 licere,
862 1204 1039 1238 adversus
1068 1216 1182 1251 quem
1210 1206 1421 1240 orationem
1447 1210 1558 1240 antea
1586 1206 1784 1251 habueris,
1820 1218 1936 1251 quem
1958 1205 2126 1253 indignis

162 1263 287 1299 modis
323 1267 436 1295 antea
467 1256 675 1302 acceperis,
710 1265 798 1288 cum
826 1265 872 1288 eo
895 1261 1027 1300 postea
1050 1255 1090 1288 in
1116 1255 1277 1302 gratiam
1302 1256 1425 1289 redire
1441 1256 1563 1301 ‘atque
1587 1255 1633 1289 de
1654 1255 1728 1290 alio
1761 1256 1946 1290 eiiciendo
1972 1254 2128 1290 consilia

164 1311 457 1349 communicare.
516 1305 713 1352 „Quid?“
738 1304 882 1352 pergit,
926 1304 1137 1349 „Phaeacis
1170 1306 1310 1350 oratio,
1348 1305 1551 1339 Plutarcho
1580 1305 1699 1350 lecta,
1732 1305 1765 1339 si
1797 1305 2058 1339 ostracismum
2085 1305 2128 1338 in

166 1361 475 1407 disceptationem
496 1362 664 1390 vocasset
688 1353 914 1388 Plutarchus
940 1365 1020 1387 rem
1041 1354 1252 1388 confectam
1281 1354 1491 1399 habuisset,
1523 1366 1596 1388 nec
1620 1355 1701 1388 ullo
1726 1355 1840 1389 modo
1866 1354 2037 1388 dubitare
2062 1365 2129 1400 po-

164 1412 316 1454 tuisset,
338 1410 434 1443 sicut
451 1405 619 1449 dubitat,
642 1416 690 1438 an
708 1403 886 1437 Phaeacis
904 1409 1030 1449 partes
1052 1403 1237 1449 quaedam
1256 1403 1297 1438 in
1316 1404 1391 1438 hoc
1414 1403 1618 1438 certamine
1636 1404 1821 1439 fuerint.“
1854 1404 1922 1438 His
1943 1404 2018 1438 iam
2036 1414 2129 1450 quo-

166 1459 367 1497 dammodo
389 1466 615 1503 responsum
642 1461 699 1488 est
723 1464 858 1499 supra;
892 1464 1019 1498 neque
1042 1454 1145 1487 enim
1166 1453 1261 1487 illud
1280 1453 1428 1487 dubitat
1453 1453 1693 1498 Plutarchus,
1726 1453 1952 1488 Phaeacisne
1977 1464 2131 1499 quoque

170 1524 215 1545 eo
239 1511 281 1544 in
305 1507 511 1543 certamine
527 1511 652 1551 partes
671 1503 817 1537 suerint
834 1502 1042 1547 quaedam,
1076 1502 1142 1536 sed
1165 1502 1260 1535 illud
1282 1514 1402 1536 unum
1432 1502 1594 1536 dubitari
1618 1503 1726 1548 dicit,
1767 1502 1977 1537 Alcibiades
2002 1507 2131 1537 utrum

168 1572 255 1596 cum
277 1558 448 1594 Phaeace
475 1567 524 1589 an
548 1565 637 1588 cum
662 1552 769 1587 Nicia
797 1551 844 1585 de
878 1551 1063 1586 eiiciendo
1087 1551 1309 1597 Hyperbolo
1342 1552 1630 1598 conspiraverit,
1662 1552 1703 1586 id
1727 1552 1828 1597 quod
1852 1559 2002 1598 poterat
2024 1551 2131 1586 dubi-

166 1618 265 1653 tare,
293 1606 441 1642 etiamsi
466 1605 564 1638 hanc
583 1602 676 1650 legit
700 1601 910 1635 orationem
931 1609 1046 1646 atque
1072 1602 1117 1634 ab
1140 1601 1310 1635 Phaeace
1333 1602 1514 1648 scriptam
1531 1613 1614 1636 esse
1643 1601 1810 1636 credidit.
1864 1601 2131 1635 Valckenarius

167 1666 296 1696 autem
322 1656 495 1703 „mirum
514 1653 622 1698 est“,
646 1651 791 1698 inquit,
819 1651 883 1696 „si
897 1650 995 1686 hanc
1012 1658 1055 1686 ut
1064 1651 1257 1686 Phaeacis
1272 1651 1408 1699 legerit
1426 1651 1639 1687 orationem
1649 1652 1905 1696 Plutarchus,
1921 1651 2016 1686 nihil
2031 1650 2132 1694 inde,

168 1708 270 1756 quod
291 1708 337 1741 ad
359 1705 600 1741 Alcibiadem
624 1708 788 1748 spectet,
813 1712 902 1734 eum
929 1701 1182 1747 excerpsisse,
1206 1708 1356 1746 praeter
1381 1701 1476 1735 illud
1501 1701 1752 1748 perpusillum
1778 1711 1876 1735 sane.
1930 1700 2057 1734 Multa
2080 1699 2134 1733 ibi

169 1759 358 1795 habentur
393 1753 570 1789 historica
599 1752 699 1786 vitae
722 1750 961 1796 Alcibiadis,
1006 1762 1103 1796 quae
1136 1751 1375 1785 Plutarchus
1403 1751 1604 1800 attigisset,
1649 1751 1681 1786 si
1712 1751 1861 1799 cognita
1895 1750 2097 1785 habuisset.
2110 1749 2133 1770 “

170 1808 263 1844 Aliis
281 1813 409 1841 contra
428 1805 530 1838 visus
558 1809 615 1837 est
630 1800 853 1835 Plutarchus
876 1812 1004 1845 neque
1020 1811 1139 1845 pauca
1163 1813 1208 1835 ex
1230 1801 1299 1835 hac
1319 1801 1491 1835 oratione
1518 1801 1560 1835 in
1579 1812 1667 1836 suos
1697 1812 1785 1835 usus
1805 1800 1980 1843 vertisse,
2014 1799 2054 1833 id
2076 1810 2134 1833 re-

171 1867 280 1894 ctene
302 1856 350 1890 sit
371 1855 513 1897 visum,
551 1863 653 1886 nunc
668 1862 749 1885 non
765 1861 926 1895 quaero,
959 1850 1055 1884 illud
1075 1861 1164 1884 vero
1186 1850 1263 1884 iam
1287 1861 1389 1885 nunc
1414 1850 1504 1886 licet
1525 1850 1776 1895 contendere,
1800 1857 1951 1897 praeter
1974 1848 2135 1883 tributo-

172 1919 259 1944 rum
278 1916 418 1942 novam
444 1902 739 1949 descriptionem
761 1900 806 1934 ab
828 1898 1021 1937 Alcibiade
1041 1900 1178 1935 factam
1200 1900 1345 1935 nullam
1364 1912 1446 1936 rem
1467 1900 1755 1936 commemorari
1772 1901 1817 1935 ab
1838 1907 2007 1944 oratore,
2043 1898 2135 1945 quin

174 1956 406 2000 aPlutarcho
423 1953 628 2001 significata
646 1951 713 1994 sit,
739 1956 853 1995 atque
869 1949 972 1995 quod
989 1961 1117 1983 rerum
1136 1950 1286 1995 utrique
1305 1951 1568 1985 communium
1583 1962 1662 1985 non
1678 1951 1729 1986 ita
1744 1949 1932 1997 conspirat
1951 1949 2134 1984 enarratio

172 2013 218 2043 υτ
238 2006 357 2040 videri
376 2004 494 2051 possit
518 2015 564 2038 ex
586 2001 705 2036 altera
729 1999 847 2034 altera
880 2010 1074 2046 expressa,
1116 1999 1155 2033 id
1179 2000 1325 2034 nemini
1348 2000 1489 2037 mirum
1511 2001 1699 2037 videbitur
1722 2000 1789 2046 qui
1813 1999 2029 2034 meminerit
2051 1998 2136 2034 Plu-

173 2056 307 2093 tarcho
334 2055 534 2102 indignum
562 2052 678 2087 fuisse
696 2050 738 2085 in
767 2049 975 2083 illustrium
1001 2049 1169 2083 virorum
1190 2050 1274 2084 vitis
1303 2051 1506 2085 scribendis
1532 2051 1698 2085 multum
1719 2049 2021 2084 adversariorum
2050 2059 2136 2083 con-

173 2106 279 2142 viciis
295 2111 335 2139 et
355 2102 592 2138 contumeliis
616 2100 795 2135 tribuere.
847 2099 992 2133 Verum
1013 2098 1070 2132 fac
1087 2099 1207 2136 multa
1230 2110 1332 2144 esse,
1367 2112 1464 2147 quae
1488 2111 1691 2146 excerpere
1712 2099 1881 2145 potuerit
1901 2110 1947 2132 ex
1968 2099 2135 2133 oratione

174 2149 424 2196 Plutarchus,
448 2163 575 2198 neque
598 2156 728 2186 tamen
746 2148 995 2195 excerpserit,
1021 2160 1115 2182 num
1134 2148 1171 2182 id
1189 2148 1221 2190 si
1251 2156 1305 2186 est
1323 2150 1483 2194 mirum,
1508 2149 1626 2197 magis
1643 2149 1783 2183 mirum
1802 2155 1878 2192 est,
1901 2147 1933 2182 si
1953 2159 2036 2182 eam
2057 2159 2137 2182 ora-

175 2207 321 2241 tionem
342 2210 385 2237 ut
416 2201 609 2245 Phaeacis,
637 2210 753 2245 quam
779 2198 810 2232 si
833 2197 993 2233 eandem
1014 2204 1057 2232 ut
1073 2197 1273 2235 Andocidis
1288 2199 1404 2247 legit?
1462 2200 1545 2247 Ego
1563 2209 1651 2232 vero
1671 2210 1751 2232 non
1768 2197 1890 2232 credo.
1951 2198 2057 2244 Quae
2078 2209 2138 2232 re-

176 2257 281 2303 liqua
296 2252 442 2300 profert
463 2249 728 2286 Valckenarius
742 2275 753 2295 ,
781 2257 868 2283 cum
889 2257 970 2283 non
993 2246 1132 2282 faciant
1150 2255 1280 2283 contra
1303 2248 1533 2293 Phaeacem,
1563 2255 1607 2283 ut
1632 2248 1810 2284 orationis
1825 2255 2018 2283 auctorem
2032 2273 2042 2292 ,
2071 2247 2138 2282 sed

175 2311 352 2355 pugnent
375 2314 443 2349 pro
466 2300 679 2345 Andocide,
716 2299 762 2334 ad
789 2309 905 2345 quem
938 2297 1194 2344 superioribus
1220 2298 1604 2336 commentationibus
1634 2298 1847 2345 expositum
1877 2305 1933 2332 est
1964 2309 2029 2333 cur
2058 2309 2139 2334 non

173 2356 295 2403 possit
319 2353 452 2389 referri
475 2351 617 2397 oratio,
651 2350 779 2385 licebit
796 2348 911 2399 verbo
935 2348 1124 2394 expedire.
1189 2349 1361 2395 Namque
1391 2361 1477 2384 cum
1507 2349 1627 2384 tribus
1663 2348 1819 2394 insuper
1842 2358 1932 2382 usus
1960 2348 2007 2381 sit
2030 2359 2139 2395 argu-

254 2460 304 2496 ιο)
336 2457 383 2488 cr.
410 2456 510 2487 Bast.
534 2461 563 2486 et
588 2452 730 2496 Schaef.
755 2455 794 2485 aa
817 2453 911 2494 areg.
936 2452 1007 2484 cor.
1035 2462 1064 2492 p.
1086 2452 1127 2483 24
1150 2463 1194 2493 sq.
1216 2433 1375 2485 201j217.
1399 2452 1469 2484 781.
1489 2452 1558 2484 816.
