2263 2788
966 97 1051 104 -—
1101 89 1168 111 XIV
1218 95 1304 104 —-⁴

156 169 222 199 est.
276 157 403 207 Magis
431 154 571 191 mirum
592 152 694 201 quod
717 152 985 210 suffragiorum
1012 153 1199 188 occultam
1224 155 1407 191 lationem
1448 156 1612 202 (κρύβδην
1636 160 1880 207 ψηφίζεσθαι)
1912 162 2116 208 reprehen-v

155 213 212 249 ὥς
226 210 302 256 ⁴0),
329 219 424 254 quae
441 204 536 240 illud
552 211 652 239 certe
671 203 861 238 commodl
877 203 1060 249 habebat,
1087 211 1130 238 ut
1154 204 1321 250 privatae
1337 206 1479 254 gratiae
1504 215 1542 243 et
1562 209 1709 255 privato
1742 211 1829 246 odio
1854 212 1979 251 minus
2007 211 2117 248 locus

158 268 275 305 esset,
301 266 414 304 atque
430 255 474 288 ad
491 253 788 298 uniuscuiusque
806 253 1076 288 conscientiam
1091 255 1185 287 recti
1212 256 1340 289 omnia
1365 257 1482 304 magis
1506 258 1747 294 referrentur.
1807 267 1809 269 '

257 336 452 375 Alterum,
478 330 580 377 quod
605 329 647 363 in·
663 329 882 364 ostracismo
904 329 1167 375 reprehendit,
1191 329 1266 364 hoc
1293 338 1366 365 est:
1392 331 1468 366 εἶτα
1490 331 1617 371 ἔν’τοῒς
1636 335 1806 372 τοιούτοις
1834 335 1869 369 οἱ
1891 337 1993 374 τούς
2017 334 2115 369 ἑταί-

158 398 239 433 ρρυς
276 387 333 418 καὶ
364 382 561 422 συνωμότας
595 381 792 421 κεκτημένοι
815 380 924 412 πλέον
954 381 1121 423 φέρονται
1146 378 1215 412 τῶν
1241 378 1372 420 ἄλλων,
1418 383 1458 416 in
1484 395 1559 428 quo
1585 377 1764 418 articulus
1794 384 1957 419 absonus
1988 392 2117 421 aaut

156 434 350 473 tollendus
376 439 443 465 aut
466 441 553 463 cum
578 429 727 465 πολλούς
749 428 953 462 mutandus
972 428 1139 471 videtur3
1168 428 1234 462 sed
1254 428 1367 462 huius
1394 430 1510 476 ipsius
1528 426 1756 478 sententiae,
1784 434 1885 479 quod
1906 435 1947 469 in
1968 429 2118 468 ostraciss

158 486 234 522 smi
251 480 531 532 opportunitate
553 479 639 525 plus
655 478 782 512 valere
805 477 913 522 dicit,
942 478 1007 523 qui
1033 478 1312 511 coniuratorum
1335 480 1507 514 sodalitia
1529 481 1709 526 habeant,
1735 476 1848 528 quam
1871 483 1936 528 qui
1953 494 2031 517 non
2052 483 2117 517 ha*

161 538 293 577 beant,
320 529 511 576 quodnam
539 528 683 574 profert
708 527 1003 575 argumentum?
1033 525 1073 559 οὗ
1099 527 1185 570 γὰρ,
1222 527 1366 573 inquit,
1403 526 1515 574 ἆίςπερ
1532 531 1568 564 ἐν
1584 535 1654 569 τοῖς
1680 530 1970 576 δικαστηρίοιςοῖ
1990 532 2117 574 λαχόν-

159 597 214 623 ςες
232 585 427 627 κρίνουσιν,
449 578 537 612 ἀλλὰ
553 578 676 611 τούτου
697 577 761 610 τοῦ
775 577 978 620 πράγματος
999 574 1132 609 ἅπασιν
1152 576 1351 619 Ἀθηναίοις
1372 582 1519 620 μέτεστι.
1569 582 1692 615 Taceo
1710 581 1849 615 iterum
1870 582 1996 615 doceri
2016 575 2118 615 nunc

160 634 348 672 auditores
371 628 638 672 Athenienses,
670 626 773 673 quod
791 626 831 660 in
851 626 1023 672 ipsorum
1043 626 1161 661 oculis
1180 633 1277 660 esset
1295 628 1483 674 positum,
1524 630 1590 665 sed
1613 642 1690 665 non
1721 638 1846 664 tacere
1875 631 1964 665 licet
1991 642 2117 677 neque

160 683 372 723 vesaniam,
398 689 495 723 quae
520 677 671 722 quando
696 677 791 709 cives
814 687 945 709 omnes
966 676 1141 723 suffragia
1157 677 1298 719 ferant,
1322 678 1481 724 gratiam
1506 686 1543 712 et
1564 680 1774 725 potentiam
1790 679 1875 726 plus
1891 680 2017 714 valere
2042 691 2119 713 cre-

159 734 242 776 dat,
267 740 382 776 quam
403 727 468 761 ubi
490 738 573 772 pars
599 726 737 759 civium
752 724 942 758 iudicandi
960 725 1193 770 provinciam
1213 725 1343 758 sortita
1360 726 1424 770 sit,
1451 738 1577 773 neque
1597 728 1889 774 impudentiam,
1917 739 2013 774 quae
2039 739 2119 763 non

159 792 289 817 secum
307 785 345 813 et
362 777 457 811 clam
476 776 528 809 ita
547 775 701 819 sentiat,
732 773 798 808 sed
821 774 952 807 eadem
976 774 1126 819 publice
1145 774 1247 821 apud
1265 774 1367 821 ipsos
1380 776 1632 811 Athenienses
1649 778 1889 824 profiteatur,
1906 778 2007 825 apud
2025 788 2119 824 quos

158 831 301 868 scilicet
320 826 526 870 μισοδημίας
546 825 690 859 crimen
708 823 754 857 ab
777 835 817 857 se
838 830 1006 857 avertere
1026 822 1163 858 studet.

259 904 456 949 Sequitur:
483 903 569 946 πρὸς
585 902 623 934 δὲ
643 901 778 937 τούτοις
794 898 844 943 τῷ
858 901 920 941 μὲν
937 900 1109 934 ἐλλείπειν
1127 899 1177 944 τῷ
1197 900 1230 933 δ’
1251 898 1482 942 ὅπερβάλλειν
1496 899 1515 935 ὅ
1530 903 1633 945 νόμος
1658 915 1718 945 μοι
1739 904 1850 937 δοκεῖ·
1881 904 1951 936 τῶν
1971 905 2033 946 μὲν
2053 904 2120 947 γὰρ

160 957 259 990 ἰδίων
289 953 506 995 ἀδικημάτων
532 952 682 994 μεγάλην
711 952 881 993 τιμωρίαν
905 951 1034 994 ταύτην
1059 950 1203 992 νομίζω,
1246 949 1316 983 τοῖν
1343 950 1381 983 δὲ
1414 952 1587 995 δημοσίων
1616 954 1744 997 μικρὰν
1767 956 1824 986 καὶ
1854 952 1991 991 οὗδενός
2018 951 2120 990 α’ξίαν

162 1004 309 1050 ἧγοῧμαι
332 1005 471 1046 ζημίαν,
497 1002 574 1039 ἐξὸν
594 1001 749 1038 κολάζειν
767 1001 937 1044 χρήμασι,
966 1003 1021 1033 καὶ
1041 999 1157 1044 δεσμῷ
1177 1002 1234 1033 καὶ
1254 1002 1408 1045 θανάτῳ.
1446 1003 1709 1048 Reprehendit
1727 1004 1842 1052 igitur
1858 1010 1983 1038 orator
2002 1011 2118 1037 ostra..

162 1059 322 1091 cismum
356 1053 468 1086 tertio
505 1053 587 1085 loco
619 1058 822 1097 propterea
850 1050 951 1095 quod
974 1050 1197 1084 delictorum
1225 1050 1272 1083 sit
1298 1052 1529 1096 privatorum
1552 1052 1690 1097 maior,
1734 1053 1974 1098 publicorum
1994 1052 2122 1085 minor

161 1106 260 1140 iusto
279 1109 316 1136 et
333 1102 457 1136 lenior
478 1112 623 1147 poena,
652 1111 750 1145 quae
774 1099 916 1132 scilicet
941 1109 1065 1143 poena
1085 1099 1246 1133 omnino
1273 1111 1353 1133 non
1382 1107 1480 1144 erat,
1514 1112 1594 1135 non
1618 1108 1696 1135 erat
1723 1100 1794 1134 τοῖν
1822 1103 2120 1146 προγεγενημένων

161 1153 381 1197 ἀδικημάτων
397 1150 626 1194 τιμωρίαῧθ),
646 1155 724 1183 non
742 1149 910 1191 πονηρίας
928 1148 1068 1185 κόλασις
1078 1147 1129 1192 ⁵⁰)
1140 1174 1150 1192 ‚
1172 1160 1252 1183 non
1268 1149 1535 1184 instituebatur
1552 1149 1611 1184 ἵνα
1630 1152 1691 1192 τὴν
1709 1155 1833 1185 κακίαν
1849 1153 2035 1190 κολάζωσιν
2045 1151 2119 1195 ⁵¹),

160 1215 241 1239 non
259 1211 336 1236 erat
350 1204 542 1244 μοχθηρίας
562 1200 700 1234 κόλασις
710 1197 739 1218 ⁵²
748 1201 772 1241 ).
810 1198 945 1242 Neque
961 1210 1050 1231 vero
1068 1198 1257 1231 Diodorus
1276 1206 1313 1231 et
1334 1199 1556 1233 Plutarchus
1575 1202 1615 1234 in
1635 1213 1678 1234 ea
1695 1213 1736 1235 re
1754 1202 1825 1235 soli
1848 1209 1975 1235 contra
1994 1207 2118 1234 orato-

162 1265 242 1288 rem
259 1251 524 1286 testimonium
543 1249 691 1291 dicunt,
719 1246 809 1280 facit
827 1253 955 1279 contra
976 1257 1063 1279 eum
1085 1246 1198 1279 etiam
1215 1247 1457 1292 Thucydides
1468 1248 1538 1292 ⁶³),
1569 1250 1656 1283 facit
1682 1250 1794 1283 etiam
1814 1250 2034 1283 Aristoteles
2044 1248 2120 1292 54),

162 1302 229 1349 qui
247 1301 383 1347 quibus
402 1299 493 1332 locis
516 1302 793 1331 commemorat
812 1296 1092 1340 ostracismum,
1114 1306 1202 1329 eum
1222 1307 1266 1330 eo
1284 1304 1452 1342 spectare
1467 1298 1574 1343 dicit,
1592 1305 1633 1332 ut
1650 1298 1823 1333 decurtet
1841 1299 2051 1333 eminentes
2066 1305 2119 1332 at-

162 1357 238 1398 que
253 1348 469 1394 aequalitati
487 1347 725 1392 reliquorum
742 1345 1031 1389 metuendos‚in
1049 1356 1122 1390 qua
1140 1346 1368 1390 aequalitate
1382 1354 1549 1380 vertatur
1558 1347 1611 1381 vis
1632 1349 1824 1394 popularis
1838 1347 1999 1394 imperii.
2028 1347 2119 1381 Ora-

162 1405 227 1435 tor
246 1406 372 1433 autem
388 1397 429 1431 in
447 1396 612 1430 eundem
630 1396 710 1429 fere
732 1406 900 1429 errorem
918 1392 1057 1428 iterum
1074 1394 1207 1428 incidit
1229 1393 1262 1441 ξ.
1281 1397 1350 1439 35,
1384 1395 1450 1429 ubi
1472 1396 1647 1431 adversus
1678 1398 1798 1443 cives,
1835 1398 1901 1444 qui
1930 1403 2053 1431 essent
2082 1403 2120 1430 et

161 1447 439 1498 magistratibus
463 1453 500 1480 et
521 1445 668 1493 legibus
690 1444 945 1491 potentiores,
972 1443 1074 1489 quod
1097 1444 1141 1477 ab
1157 1444 1201 1478 iis
1220 1455 1298 1478 non
1318 1453 1473 1490 possent
1488 1446 1655 1492 privatae
1672 1459 1820 1494 poenae
1837 1447 1975 1493 repeti,
2003 1452 2119 1480 ostra-

163 1500 323 1534 cismum
361 1496 443 1529 vult
471 1502 516 1528 ut
548 1506 713 1539 poenam
740 1494 935 1538 publicam
975 1493 1158 1537 (δημοσίαν
1187 1495 1371 1537 τιμωρίαν)
1411 1494 1627 1529 institutum
1661 1508 1753 1532 esse.
1821 1497 1898 1529 Cur
1915 1507 2005 1529 vero
2030 1495 2120 1529 dicit

161 1547 401 1595 publicorum
420 1544 645 1578 delictorum
669 1543 931 1576 ostracismum
953 1554 1116 1587 poenam
1139 1543 1237 1577 iusto
1256 1544 1446 1577 minorem
1465 1555 1546 1577 esse
1566 1551 1603 1577 et
1622 1556 1742 1590 paene
1760 1545 1893 1578 nihili?
1921 1544 2023 1589 quod
2042 1544 2118 1580 ἐξὸν

163 1596 317 1634 κολάζειν
336 1595 487 1637 χρήμασι
504 1596 560 1626 καὶ
580 1591 696 1636 δεσμῷ
711 1594 767 1625 καὶ
788 1592 953 1636 θανάτῳ,
988 1591 1089 1637 quod
1108 1592 1253 1638 possint
1276 1592 1384 1627 bonis
1404 1599 1442 1626 et
1459 1593 1617 1627 vinculis
1637 1602 1675 1629 et
1694 1601 1819 1629 morte
1839 1594 1977 1640 puniri.
2047 1594 2119 1628 Ita-

162 1652 238 1693 que
251 1657 319 1693 per
339 1645 469 1678 decem
486 1655 604 1678 annos
625 1643 744 1689 patria
762 1654 887 1676 carere
904 1654 949 1675 ex
962 1641 1075 1675 huius
1091 1642 1249 1675 oratoris
1265 1642 1452 1676 sententia
1465 1643 1586 1676 levius
1603 1652 1659 1678 est
1676 1656 1789 1689 quam
1808 1644 1914 1677 bonis
1931 1643 2117 1677 mulctari.

160 1696 235 1730 Sed
250 1696 297 1729 sit
311 1695 383 1736 ita3
408 1693 504 1727 illud
521 1704 611 1726 vero
628 1692 729 1738 quod
744 1692 833 1726 dicit
850 1691 1011 1736 licuisse,
1026 1693 1083 1723 καὶ
1104 1690 1223 1735 δεσμῷ
1245 1692 1410 1732 κολάζειν,
1430 1703 1508 1727 non
1524 1692 1651 1738 licuit,
1677 1705 1756 1727 non
1768 1693 1874 1727 licuit
1894 1692 2013 1726 civem
2026 1691 2119 1725 Atti-

162 1756 249 1780 cum
264 1744 422 1778 vinculis
444 1743 600 1789 punire,
623 1754 749 1787 neque
765 1741 915 1775 vincula
935 1748 1040 1775 erant
1059 1741 1209 1787 publica
1227 1753 1349 1788 poena
1365 1742 1575 1776 Atticorum
1594 1743 1750 1787 civium,
1775 1754 1923 1776 carcere
1942 1742 2045 1776 enim
2064 1748 2118 1775 te-

161 1795 246 1830 neri
271 1793 429 1827 Athenis
454 1793 554 1826 cives
584 1804 663 1825 non
691 1798 890 1838 poterant,
924 1790 998 1824 nisi
1032 1798 1096 1824 aut
1124 1790 1328 1825 vadimonii
1352 1802 1497 1835 caussa,
1531 1802 1581 1825 ne
1606 1792 1822 1826 desererent
1846 1791 2118 1835 vadimonium,

160 1845 199 1881 id
218 1842 318 1890 quod
335 1842 376 1876 in
400 1841 547 1876 iudiciis
564 1848 715 1875 tantum
731 1839 935 1881 ἀπαγωγῆς,
969 1839 1161 1881 ἐνδείξεως,
1191 1840 1383 1884 ἐφηγήσεως
1406 1848 1519 1886 atque
1538 1840 1578 1874 in
1599 1841 1792 1876 nonnullis
1816 1841 2039 1882 εἶςαγγελίαις
2065 1840 2119 1873 lo·

164 1906 250 1930 cum
278 1892 462 1936 habebat,
496 1898 561 1925 aut
589 1903 637 1925 ne
661 1903 701 1925 se
723 1902 872 1937 poenae
903 1890 947 1923 ab
977 1890 1163 1924 iudicibus
1197 1891 1382 1939 irrogatae
1415 1890 1695 1936 subtraherent,
1733 1892 1764 1925 si
1793 1904 1917 1939 poena
1951 1889 2118 1937 capitalis

165 1951 280 1986 esset,
305 1953 455 1988 poenae
476 1949 604 1974 autem
625 1951 753 1975 caussa
776 1941 874 1974 cives
895 1951 974 1973 non
992 1939 1217 1973 tenebantur
1237 1940 1414 1983 vinculis,
1441 1939 1513 1973 nisi
1533 1940 1634 1985 quod
1653 1948 1735 1975 tum
1756 1941 1796 1976 in
1820 1941 1948 1988 paucis
1969 1939 2119 1985 quibus-

164 1993 250 2028 dam
267 1991 419 2038 privatis
441 1991 569 2024 litibus
589 1990 746 2024 carceris
759 2000 921 2036 poenam
942 2000 1011 2036 per
1030 1992 1256 2032 προςτίμησιν
1279 1989 1364 2023 addi
1378 1988 1532 2033 licebat,
1556 1997 1668 2035 atque
1685 1991 1726 2024 in
1745 1990 1983 2037 paucioribus
2006 1987 2118 2022 etiarn

162 2041 321 2090 publicis
342 2040 478 2074 caussis
495 2051 600 2083 reus,
630 2039 692 2073 cui
707 2040 849 2073 mulcta
865 2038 1028 2085 irrogata
1047 2046 1163 2082 esset,
1192 2049 1337 2072 carcere
1358 2038 1575 2083 tenebatur,
1603 2039 1723 2073 donec
1740 2039 1905 2073 solveret
1926 2038 2117 2071 mulctam.

162 2092 298 2137 Itaque
317 2100 480 2136 poenam
504 2096 628 2123 orator
651 2094 944 2132 commemorat,
973 2099 1087 2133 qua-m
1107 2099 1186 2121 non
1213 2087 1389 2132 debebat,
1425 2087 1569 2130 δεσμόν,
1606 2100 1684 2123 non
1704 2094 1975 2123 commemorat
1991 2093 2118 2122 autem

165 2152 255 2187 quas
283 2139 462 2183 debebat,
497 2139 711 2187 infamiam,
752 2137 1050 2186 publicationem
1077 2137 1283 2181 bonorum,
1327 2138 1481 2172 exilium
1505 2145 1753 2185 perpetuum,
1790 2138 1905 2185 longe
1931 2137 2118 2185 graviores

162 2201 305 2238 poenas
331 2199 445 2234 quam
470 2188 651 2224 mulctam
674 2196 714 2223 et
731 2199 918 2223 carcerem
945 2188 1114 2232 (χρήματα
1139 2189 1195 2220 καὶ
1216 2188 1367 2232 δεσμόν).

245 2302 299 2339 ⁸⁸)
322 2299 417 2331 Recte
443 2300 525 2331 enim
545 2301 828 2341 διαψηφισαμένων
856 2298 998 2341 κρύβδην
1023 2308 1096 2331 esse
1120 2300 1158 2330 ab
1180 2298 1319 2331 Bekkero
1339 2310 1395 2340 pro
1424 2299 1495 2334 οὔτε
1516 2301 1606 2339 διαψ.
1632 2313 1681 2343 ηρ.
1705 2301 1851 2340 scriptum
1874 2297 2051 2331 Philochori
2072 2277 2121 2328 1ο.ῥ

164 2348 219 2376 mu
249 2340 377 2377 evincit,
423 2350 492 2371 uem
517 2345 580 2371 not.
605 2341 645 2371 27
671 2341 804 2372 excitavi
829 2342 973 2374 ἐτίθεσαν
998 2339 1037 2372 τὰ
1067 2338 1201 2380 ὄστρακα
1230 2341 1477 2379 στρέφοντες
1505 2340 1576 2380 τήν
1602 2339 1844 2382 ἐπιγραφήν.
1909 2340 1984 2375 *⁴0)
2010 2336 2120 2368 Diod·

164 2381 296 2458 21111313213
316 2350 683 2458 v‚⁴⁸2⁰}4¹.⁴⁶“x¹'⁸⁷'
747 2383 797 2420 ει)
818 2380 1018 2419 111.xl,⁵5.
1064 2381 1138 2417 ‚⁵2)
1158 2378 1442 2411 mue.Aristi‹1.7.
1520 2379 1571 2419 υ)
1593 2380 1673 2419 vui,
1688 2381 1740 2413 73..
1809 2382 1860 2418 ιο)
1881 2377 1999 2410 Polme.
2020 2376 2119 2414 m,8.
