2263 2788
999 61 1315 83 ——lx—

173 138 271 174 rum
280 127 525 174 concionum,
551 138 659 173 quae
663 124 763 162 inter
778 126 901 170 κυρίαν
920 124 1105 169 ἐκκλησίαν
1120 131 1248 159 sextae
1265 122 1460 171 prytaniae
1479 130 1516 157 et
1535 121 1757 157 concionem
1777 134 1860 158 eam
1872 149 1882 168 ,
1912 136 1985 171 qua
2003 125 2132 172 ὀστρα-

171 181 319 234 κοφορία
353 177 635 221 institueretur,
678 175 827 210 mediae
856 183 983 210 essent
1009 174 1265 221 interpositae.
1316 174 1460 207 verum
1493 184 1639 218 neque
1656 181 1801 208 constat
1829 174 1908 209 ulla
1938 184 2132 221 praeterea

171 227 353 273 concione
371 225 419 270 de
438 225 654 269 ostracismo
673 235 755 259 esse
771 231 919 269 actum,
942 235 1068 269 neque
1087 222 1244 258 omnino
1267 222 1473 262 credibile'
1464 233 1504 255 ιιι
1524 221 1753 257 ostracismo
1764 223 1941 258 habendo
1968 225 2015 259 ab
2041 237 2134 271 quo-

170 287 285 322 quam
305 286 455 320 eorum,
482 275 553 321 qui
567 274 603 309 ei
622 273 818 311 certamini
834 279 961 308 essent
977 272 1180 329 designati,
1214 272 1327 307 verba
1343 271 1391 306 ad
1409 270 1598 318 populum
1614 271 1713 306 facta
1730 283 1830 317 esse3
1865 273 2036 319 alioquin
2051 286 2132 311 ιιοιι

165 325 352 371 potuisset
368 331 433 357 aut
449 324 512 358 hic
536 330 665 358 orator
678 322 712 370 S.
723 325 757 358 3.
773 333 1073 357 commemorare
1091 322 1133 356 in
1154 322 1371 356 ostracismo
1395 332 1476 354 esse
1493 332 1633 366 neque
1645 321 1875 356 accusationi
1910 334 2037 368 neque
2065 324 2131 359 de·

168 372 330 408 fensioni
350 372 477 408 locum
506 372 602 418 (οὔτε
627 375 831 417 κατηγορίας
852 374 1033 415 γενομένης
1060 369 1139 404 ουτε
1163 369 1352 411 ἀπολογίας
1373 370 1572 413 δοθείσνς),
1605 376 1671 404 aut
1690 371 1906 419 pervulgari
1929 371 1972 406 in
1989 372 2127 421 vulgus

165 421 229 455 illa
248 422 373 456 fabula
390 433 438 456 an
455 422 611 456 historia
628 423 672 466 ¹⁷)
692 423 739 456 de
748 422 918 456 Aristidis
930 421 1168 464 ostracismo·
1185 432 1275 454 nam
1294 421 1326 454 si
1343 421 1383 453 in
1402 431 1444 453 ea
1455 427 1737 476 opportunitate
1746 421 1958 455 concionati
1967 421 2015 456 ad
2027 424 2125 457 mul-

171 470 372 511 titudinem
394 471 561 515 fuissent-
583 479 623 511 et
642 471 708 517 qui
728 470 872 517 populo
895 478 1067 504 auctores
1094 477 1223 514 erant,
1250 477 1294 503 ut
1316 469 1494 502 Aristides
1520 469 1612 502 urbe
1638 469 1857 514 eiiceretur,
1884 477 1922 504 et
1939 471 2124 508 Aristides

166 531 251 554 mm
276 520 321 554 ab
352 532 396 554 eo
419 533 460 555 se
482 520 651 567 periculo
673 519 913 564 defenderet,
940 531 1019 553 non
1044 519 1228 565 potuisset
1255 519 1389 575 titique
1410 519 1626 552 illitteratus
1655 518 1720 552 ille
1751 519 1909 554 rusticus
1933 528 2000 554 aut
2023 521 2122 557 adeo

164 568 364 605 Aristidem
384 570 581 618 ignorare,
610 577 655 604 ut
687 580 767 603 non
793 568 911 603 alium
938 568 1066 616 potius
1110 580 1224 624 quarn
1256 568 1384 624 ipsum
1414 568 1616 602 Aristidem
1650 575 1819 616 rogaret,
1856 569 2023 605 velletne
2050 584 2121 619 pro

168 629 209 653 se
227 619 398 654 Aristidis
414 631 557 654 nomen
574 619 734 653 testulae
747 619 963 663 inscribere,
978 625 1043 653 aut
1056 617 1234 664 speciosis
1251 617 1400 662 caussis,
1426 628 1493 651 cur
1510 629 1600 651 eum
1622 617 1708 651 eiici
1724 617 1851 662 vellet,
1865 618 1960 653 adeo
1979 631 2119 668 carere,

163 675 209 702 ut
225 675 302 702 tam
320 664 573 703 inhumanum
587 679 811 714 responsum
829 668 1015 713 redderet,
1042 678 1151 712 „non
1166 667 1316 713 placere
1334 667 1405 701 sibi
1420 666 1545 712 quod
1535 677 1567 700 ιε
1583 673 1661 700 tam
1676 666 1813 712 cupide
1831 667 2058 705 elaborasset
2075 679 2118 709 ut

164 725 314 773 praeter
339 725 483 752 ceteros
508 718 632 751 Iustus
657 718 921 764 appellaretur.
932 717 955 738 “
1015 717 1121 751 Haec
1143 716 1380 751 Andocidem
1406 723 1473 750 aut
1491 715 1694 750 Andocidis
1719 716 1894 761 aequales
1917 718 1982 763 qui
2001 727 2117 756 ostra-

166 766 324 800 cismum
350 766 424 812 ipsi
453 766 623 800 viderant
654 766 839 810 exerceri,
870 777 951 800 ιιοιι
978 773 1156 812 poterant
1176 766 1329 813 fugere,
1374 766 1442 799 sed
1467 766 1524 799 sac
1551 766 1592 799 in
1611 766 1831 799 ostracismo
1851 776 1931 801 non
1951 767 2115 806 defuisse

163 822 229 850 aut
245 822 395 862 tempus
414 822 479 849 aut
494 815 621 850 locum
640 815 871 850 orationibus
887 815 1068 850 habendis
1085 821 1125 849 et
1140 814 1355 861 audiendis,
1386 813 1483 849 illud
1500 825 1621 849 unum
1631 840 1642 860 ,
1670 814 1772 861 quod
1793 814 1839 849 ab
1857 813 1927 850 hac
1944 817 2114 856 oratione

165 865 288 899 omnis
307 866 412 898 abest
429 873 477 898 et
475 873 711 910 temporum,
722 865 763 898 in
776 877 872 910 quae
886 865 1123 898 ostracismus
1136 865 1201 898 ille
1218 865 1383 908 cadebat,
1393 864 1601 898 accuratior
1615 872 1771 909 notatio,
1780 873 1818 898 et
1829 876 2002 910 coronae,
2011 871 2112 914 apud

163 924 277 957 quam
292 913 407 947 matio
421 914 546 947 habita
563 913 628 957 sit,
648 913 881 961 significatio,
900 924 1061 958 quarum
1077 921 1277 969 utramque
1289 925 1398 946 verus
1415 920 1541 946 orator
1554 913 1615 945 vel
1631 913 1765 947 nolens
1783 921 1821 947 et
1835 914 1975 948 invitus
1989 918 2115 961 prodi.

163 961 295 1007 disset,
320 970 542 1009 personatus
565 970 690 997 orator
713 963 827 1011 fugit,
853 974 902 997 ne
922 962 1055 997 erroris
1075 962 1378 1007 convinceretur,
1402 962 1463 996 vel
1481 961 1575 996 illud
1596 962 1712 1009 igitur
1727 963 1813 997 satis
1832 970 1889 998 est
1908 963 2114 1002 documen-

161 1018 224 1054 to,
254 1023 328 1056 quo
342 1020 516 1057 tempore
530 1013 624 1046 haec
642 1013 869 1045 scriberetur
890 1013 1027 1055 oratio,
1055 1024 1097 1045 ea
1120 1012 1247 1045 omnia
1275 1012 1351 1044 iam
1373 1012 1542 1058 ignorata
1565 1012 1692 1045 fuisse.
1744 1013 1855 1045 Nunc
1884 1014 1986 1048 enim
2010 1015 2115 1059 quod

162 1070 305 1095 annum
327 1060 481 1095 definire
494 1061 599 1105 licet,
627 1073 702 1107 quo
724 1060 855 1096 haberi
874 1059 1022 1105 debuit,
1047 1059 1172 1095 habita
1193 1060 1224 1094 si
1241 1067 1358 1104 esset,
1394 1059 1496 1105 quod
1517 1060 1694 1095 orationis
1717 1060 1848 1096 fictum
1866 1067 2016 1109 tempus
2045 1066 2113 1100 sci-

161 1120 247 1143 mus
273 1110 405 1144 cadere
434 1111 475 1144 in
497 1111 556 1144 Ol.
573 1111 680 1149 XCI
665 1134 667 1136 >
716 1113 749 1154 1,
776 1110 873 1143 intra
904 1111 1159 1143 Decembrem
1181 1121 1354 1143 mensem
1379 1110 1469 1143 anni
1496 1122 1528 1143 a.
1556 1110 1624 1143 Ch.
1650 1111 1867 1145 CCCCXVI
1897 1119 1935 1145 et
1958 1112 2113 1149 Iunium

160 1169 333 1193 mensem
349 1159 438 1193 anni
457 1159 671 1203 CCCCXV,
702 1170 781 1193 non
808 1159 987 1193 orationis
1014 1159 1159 1192 auctori
1180 1157 1275 1192 illud
1297 1165 1494 1204 acceptum
1518 1159 1717 1193 referimus
1743 1161 1809 1194 sed
1829 1160 1911 1194 aliis
1927 1163 2116 1208 scriptori-

160 1206 230 1241 bus
240 1208 303 1252 ι3)
354 1209 457 1242 Num
475 1220 587 1242 verus
604 1215 730 1243 orator
755 1216 839 1242 tum
860 1219 989 1242 rerum
1016 1208 1190 1242 omnium
1212 1207 1399 1241 omisisset
1424 1208 1668 1252 memoriam,
1705 1220 1801 1254 quae
1816 1210 1873 1243 illi
1890 1213 2111 1256 opportuni—

160 1256 227 1290 tati
250 1257 423 1304 propriae
440 1264 545 1292 erant
560 1264 597 1293 et
616 1257 664 1293 ad
681 1250 940 1292 ostracismum
958 1257 1215 1304 pertinebant,
1249 1263 1333 1291 tum
1356 1256 1526 1291 virorum
1539 1282 1549 1301 ,
1583 1268 1747 1302 quorum
1769 1258 1920 1303 studiis,
1956 1268 2113 1297 conten-

160 1306 344 1351 tionibus,
375 1307 515 1342 artibus
541 1307 636 1343 illud
662 1308 882 1342 testularum
913 1314 1104 1341 certamen
1127 1307 1309 1355 agitatum
1336 1305 1418 1341 est?
1476 1307 1549 1340 Hic
1577 1318 1669 1341 vero
1694 1319 1743 1342 ne
1768 1308 1927 1342 verbum
1955 1311 2109 1355 quidem

161 1332 420 1401 habet‚1inde
443 1357 646 1391 doceamur
667 1364 731 1390 aut
756 1356 846 1402 quid
864 1356 909 1390 ab
934 1356 1035 1402 cyria
1056 1356 1212 1390 ecclesia
1231 1363 1356 1390 sextae
1375 1356 1571 1402 prytaniae
1595 1356 1642 1389 ad
1662 1356 1832 1391 habitum
1852 1369 1973 1403 usque
1996 1368 2111 1395 ostra-

160 1404 319 1439 cismum
342 1406 389 1439 sit
417 1413 540 1440 actum
565 1414 809 1453 gestumque,
850 1413 916 1440 aut
944 1405 1098 1451 quinam
1124 1417 1168 1440 eo
1193 1417 1292 1440 anno
1316 1413 1487 1439 auctores
1512 1405 1655 1451 populo
1689 1406 1845 1451 fuerint,
1888 1414 1931 1441 ut
1957 1411 2110 1444 ostraci-

160 1465 263 1488 smus
287 1455 509 1499 haberetur,
545 1463 584 1489 et
608 1456 673 1500 qui
698 1457 840 1489 factum
862 1456 928 1498 sit,
969 1462 1013 1488 ut
1036 1462 1187 1500 praeter
1213 1455 1444 1488 Alcibiadem
1472 1456 1695 1500 Nimiumque
1725 1456 1805 1501 ipse
1832 1458 2026 1491 certamini
2052 1460 2110 1493 illi

159 1501 432 1536 destinaretur?
496 1504 597 1549 Quid
621 1503 724 1549 quod
744 1504 791 1537 de
820 1504 922 1537 Nicia
943 1514 993 1536 ne
1021 1503 1212 1537 tantillum
1242 1503 1397 1549 quidem
1421 1504 1625 1536 verborum
1652 1504 1740 1537 facit
1768 1512 1890 1548 actor,
1924 1505 1964 1538 in
1987 1517 2109 1541 unum

160 1550 410 1586 debacchatur
426 1553 673 1598 Alcibiadem,
710 1565 939 1599 quamquam
963 1552 999 1586 ei
1014 1564 1095 1586 non
1117 1552 1243 1586 minus
1267 1560 1347 1586 erat
1364 1564 1449 1586 cum
1469 1553 1571 1586 Nicia
1590 1565 1704 1597 quam
1724 1565 1810 1587 cum
1831 1554 2022 1589 Alcibiade
2045 1556 2109 1590 de-

161 1601 400 1645 certandum,
427 1609 465 1635 et
482 1614 709 1647 quamquam
727 1603 780 1635 ita
803 1610 860 1636 est
876 1602 1054 1635 adornata
1071 1602 1208 1644 oratio,
1236 1609 1279 1634 ut
1298 1602 1440 1635 Niciam
1458 1609 1521 1634 aut
1540 1602 1667 1635 Niciae
1683 1603 1822 1636 amicos
1836 1611 1922 1636 ante
1939 1612 2107 1639 actorem

160 1649 286 1685 credas
303 1650 415 1684 verba
435 1650 483 1685 ad
496 1651 682 1708 populum
699 1651 851 1696 fecisse3
883 1662 973 1685 nam
997 1661 1084 1685 cum
1104 1650 1314 1685 Alcibiades
1337 1662 1416 1685 non
1434 1651 1577 1685 dicatur
1595 1650 1750 1697 dixisse,
1775 1651 1918 1686 dicatur
1938 1652 2108 1689 dicturus

161 1711 241 1734 esse
266 1711 452 1745 caussam,
495 1702 577 1747 quis
603 1700 696 1736 alius
723 1701 792 1735 τῶν
814 1701 1091 1746 κατηγορούντων
1124 1700 1173 1747 (S.
1199 1701 1250 1745 8.)
1276 1701 1431 1735 nomine
1461 1700 1704 1748 intellegatur
1726 1709 1874 1751 praeter
1898 1702 2043 1738 Niciam
2071 1712 2109 1738 et

159 1748 288 1783 Niciae
306 1750 509 1806 patronos?
563 1751 701 1785 Levius
719 1751 896 1808 quiddam
915 1759 971 1785 est
984 1763 1110 1797 neque
1125 1757 1253 1784 tamen
1269 1750 1379 1797 plane
1398 1750 1717 1795 praetereundum
1729 1777 1739 1796 ,
1770 1749 1869 1797 quod
1891 1753 2011 1786 semel
2028 1760 2109 1787 tan-

158 1805 241 1832 turn
270 1805 307 1832 et
333 1799 503 1834 oratione
526 1800 602 1834 iam
631 1800 678 1834 ad
705 1801 848 1835 exitum
876 1808 1057 1848 vergente
1080 1799 1114 1846 S.
1130 1801 1198 1844 36,
1226 1802 1260 1834 6.
1295 1799 1497 1845 appellatio
1527 1800 1736 1845 reperiatur
1763 1812 1922 1834 coronae
1952 1802 2107 1836 audien-

159 1847 254 1881 tium
285 1844 311 1880 ὦ
334 1846 533 1891 Ἀθηναῖοι,
569 1860 655 1883 cum
685 1850 726 1883 in
763 1850 934 1884 oratione
969 1850 1016 1883 de
1038 1849 1247 1894 mysteriiS,
1287 1860 1384 1894 quae
1415 1856 1472 1881 est
1504 1849 1604 1894 apud
1633 1849 1775 1884 iudices
1801 1849 1945 1894 habita,
1988 1851 2100 1896 quin-

159 1897 311 1943 quagies
344 1898 424 1931 fere
457 1899 586 1932 redeat
621 1899 822 1944 appellatio
857 1896 883 1932 ὦ
913 1897 1034 1943 ἄνδρες
1070 1898 1105 1945 S.
1138 1901 1169 1933 1.
1196 1899 1230 1931 2.
1266 1898 1351 1942 (bis)
1389 1900 1424 1932 3.
1451 1900 1485 1932 5.
1512 1900 1546 1931 6.
1575 1900 1608 1933 8.
1639 1901 1697 1932 10.
1726 1901 1783 1933 14.
1813 1902 1868 1935 15.
1910 1906 2004 1933 extr.
2046 1903 2107 1936 19.

159 1946 219 1980 22.
249 1952 339 1980 extr.
373 1949 432 1983 25.
468 1951 528 1983 27.
556 1950 616 1983 29.
646 1951 706 1983 37.
732 1951 792 1984 39.
815 1951 879 1985 43.
911 1952 972 1985 46.
1000 1951 1060 1984 51.
1094 1949 1153 1983 52.
1183 1949 1241 1983 54.
1267 1949 1327 1983 56.
1354 1949 1414 1982 57.
1439 1949 1498 1981 60.
1523 1950 1583 1982 67.
1611 1949 1672 1983 69.
1711 1948 1818 1992 (bis).
1859 1949 1920 1984 85.
1946 1950 2008 1984 88.
2045 1953 2107 1986 92.

163 1997 1587 2033 101.102.1ο3.104.105.106.109.117.120.123.124.127.1
1582 1999 2105 2035 38.130.132.130.140.

160 2046 243 2078 142.
273 2047 365 2089 146,
390 2047 509 2080 semel
530 2046 651 2090 ἄνδρες
676 2046 709 2093 S.
727 2050 787 2083 89.
805 2055 897 2081 extr.
908 2073 918 2092 ,
952 2047 1071 2081 semel
1095 2059 1121 2079 ω
1149 2046 1270 2091 ἄνδρες
1297 2047 1460 2080 δικασταί
1479 2046 1513 2092 S.
1536 2048 1618 2081 136.
1644 2047 1781 2093 prino,
1806 2046 1925 2080 semel
1950 2060 1977 2080 ω
1997 2047 2107 2092 Ἀθη-

157 2098 245 2127 ναῖοι
272 2097 376 2139 137„
407 2096 448 2130 in
475 2097 705 2131 orationibus
735 2105 863 2131 autem
891 2097 938 2131 de
962 2098 1088 2132 reditu
1120 2105 1157 2132 et
1183 2098 1230 2131 de
1259 2109 1371 2143 pace,
1412 2108 1474 2142 qu
1466 2108 1509 2129 ie
1538 2096 1775 2130 concionales
1802 2104 1911 2140 sunt,
1944 2099 2109 2144 appella-

157 2144 211 2177 tio
234 2141 261 2176 ὦ
282 2143 403 2188 ανδρες
420 2145 476 2178 bis
508 2146 570 2190 (de
587 2147 661 2180 red.
681 2146 715 2192 S.
736 2150 769 2180 1.
791 2146 825 2193 S.
837 2147 904 2190 5.),
930 2144 957 2179 ὦ
972 2146 1153 2189 Ἀθηναῖοι
1181 2146 1418 2180 duodevicies
1445 2145 1514 2187 (de
1530 2145 1653 2178 reditu
1673 2144 1707 2191 S.
1729 2148 1841 2179 6.17.
1868 2149 1927 2180 22.
1955 2149 2035 2190 24.,
2062 2149 2110 2182 de

157 2205 251 2240 pace
266 2192 299 2240 S.
320 2197 353 2228 1.
374 2196 407 2227 2.
424 2197 459 2229 4.
477 2197 511 2229 6.
533 2198 591 2230 10.
614 2198 671 2230 17.
688 2199 748 2230 21.
766 2198 826 2232 25.
846 2198 907 2231 32.
925 2198 985 2231 34.
1010 2199 1068 2233 35.
1088 2199 1148 2231 37.
1168 2198 1228 2230 41.
1257 2196 1385 2240 (bis)),
1409 2192 1436 2227 ὦ
1458 2192 1580 2251 ἄνδρες
1596 2193 1775 2238 Ἀθηναῖοι
1793 2195 1912 2229 semel
1931 2196 1979 2229 ib.
2003 2195 2037 2243 S.
2052 2199 2110 2233 13.

161 2250 273 2278 extet.
332 2241 419 2277 Non
436 2244 471 2278 ei
496 2246 553 2279 rei
572 2246 736 2280 multum
756 2246 902 2289 tribuo;
939 2247 1016 2280 scio
1034 2246 1135 2280 enim
1153 2245 1446 2291 Antiphontem,
1478 2245 1543 2289 qui
1563 2244 1603 2278 in
1621 2244 1856 2279 iudicialibus
1880 2246 2112 2281 orationibus

244 2342 912 2424 :33murm-011.Arist.7.Apophu=‹-gm.
992 2350 1060 2381 116.
1085 2350 1151 2382 vol.
1180 2348 1256 2381 vm.
1281 2347 1587 2387 nantem-Nm
1615 2346 1840 2380 1¹1·1·Sw'·d
1862 2359 1891 2380 v
1909 2350 2115 2392 Ἀριστείδης·

326 2385 373 2416 Cf.
395 2392 553 2418 comment.
575 2398 683 2420 meam
704 2391 741 2420 de
763 2394 836 2420 ostr.
860 2390 973 2429 p.187.
1507 2425 1573 2468 [2]
1724 2427 1727 2429 .
