2263 2788
983 65 1305 87 —xv—

262 131 523 187 Quod'quarto
543 135 628 170 loco
645 131 895 180 reprehendit
913 124 1197 177 inostracismo
1219 128 1275 163 ἔτι
1298 125 1329 163 δ’
1347 129 1383 163 εἴ
1403 140 1457 167 τις
1470 129 1531 162 διὰ
1547 128 1652 164 τοῦτο
1675 131 1906 172 μεθίσταται,
1940 129 2009 164 Su
2032 143 2117 165 πο-

162 189 283 233 λίτης
307 189 404 223 ἐστί
408 198 448 226 ν,
469 182 571 222 udros-
586 183 660 217 οὔὸ*
677 177 856 217 ’ἀπελθών
873 179 1016 215 ἐνθένδε
1035 181 1230 221 παύσεται,
1267 179 1340 214 ἀλλ’
1368 176 1458 214 ὅπου
1479 177 1524 213 ἂν
1542 180 1648 229 oluff,
1688 182 1815 226 ταυτην
1832 182 1895 225 τὴν
1909 181 2016 214 πόλιν
2035 181 2118 214 δια-

163 242 308 283 φθερεῖ,
332 239 389 270 καὶ
410 235 491 283 τῇδε
518 233 617 267 οὐδὲν
636 231 748 276 ἦττον·
758 225 1016 274 ἐπιβουλεύσει,
1052 230 1142 263 ἀλλὰ
1172 233 1229 263 καὶ
1247 230 1382 272 μᾶλλον
1403 230 1622 274 δικαιότερον
1641 228 1662 274 ἢ
1683 235 1765 275 πρὶν
1782 230 2013 274 ἐκβληθῆναι,
2038 241 2120 265 our·

161 291 316 335 ruptum
333 289 413 329 esse
437 288 541 319 recte·
558 282 753 329 perspexit
765 281 960 326 Reiskius,
980 280 1081 314 male
1097 280 1251 327 negavit
1266 281 1307 314 A.
1329 280 1375 315 G.
1390 280 1599 323 Beckerus3
1625 291 1713 314 narn
1732 281 1898 327 aliquem
1915 284 2120 328 propterea

163 337 298 371 eiicere
315 335 486 377 civitate,
506 332 610 377 'quod
630 332 678 366 sit
700 331 789 366 civis
801 356 812 376 ,
838 338 916 365 tam
935 338 992 365 est
1008 333 1209 374 vesanum,
1235 337 1279 363 ut
1298 341 1348 363 ne
1364 329 1436 363 iste
1455 329 1608 374 quidem
1627 330 1854 365 declamator
1878 330 1975 364 istuc
1998 330 2040 363 in
2064 328 2119 362 le·

162 386 378 433 gislatorem
398 381 618 424 contulerit3
652 392 778 426 neque
801 391 892 414 vero
909 386 1062 413 sanatur
1080 379 1185 412 locus
1208 386 1273 412 aut
1296 379 1509 412 coniectura
1532 379 1673 413 Reiskii
1693 381 1811 420 κακός,
1841 386 1908 413 aut
1933 377 2120 413 Fortschii

161 434 317 471 ,τοιοῦτος
335 438 422 479 post
435 431 511 464 ἐστί
530 429 748 464 addentium
759 455 770 474 ‚
802 434 868 464 aut
886 427 1056 463 Ienensis
1071 427 1231 462 alicuius
1246 427 1409 462 censoris
1433 426 1597 471 ἅπολίτης
1616 428 1852 464 rescribentis
1873 439 1943 475 pm
1963 427 2119 469 πολίτης,

166 494 261 529 quae
279 481 405 517 omnia
425 480 561 514 absunt
576 479 622 513 ab
641 479 817 521 veritate3
845 478 935 523 quid
961 478 1063 525 quim
1085 476 1337 523 desideretur,
1370 477 1457 511 satis
1480 490 1527 512 ex
1548 478 1594 511 iis
1616 484 1738 523 patet,
1775 489 1872 524 quae
1894 484 2119 523 sequuntur.

162 524 314 568 Etenim
337 542 424 565 cum
439 530 479 564 in
499 529 557 563 his
585 528 748 572 dicatur,
782 527 880 561 illud
907 527 939 561 si
963 527 1139 572 spectarit
1163 526 1375 575 legislator,
1407 527 1552 561 irritam
1576 533 1705 561 tamen
1734 528 1814 562 fore
1839 527 2118 574 expulsionem,

165 582 266 629 quod
281 587 482 627 postquam
503 579 551 612 sit
570 577 748 623 expulsus
767 584 900 625 pergat
926 583 966 610 et
982 587 1063 609 esse
1085 576 1208 621 idem,
1243 576 1309 621 qui
1341 577 1457 609 fuerit
1480 584 1610 620 antea,
1656 584 1695 609 et
1718 577 1848 610 urbem
1871 575 2118 622 pessumdare

165 632 276 676 eique
292 628 457 664 insidiari
476 639 555 661 non
574 626 700 660 minus
718 637 831 671 quam
850 633 978 670 antea,
1001 625 1068 659 sed
1086 625 1284 659 iustiorem
1304 637 1419 671 quam
1438 633 1547 660 antea
1564 637 1731 660 caussam
1751 626 1798 660 sit
1817 626 2024 669 habiturus,
2049 636 2117 659 ne·

165 690 267 714 cesse
286 685 345 711 est
364 678 405 711 in
426 674 735 710 antecedentibus
753 675 1003 722 significatum
1021 675 1092 716 sit,
1125 685 1214 708 eum
1240 674 1315 708 iam
1338 680 1447 708 antea
1474 687 1589 720 quam
1616 674 1869 720 expelleretur
1890 675 2031 708 civitati
2058 675 2116 707 in-

162 727 338 762 sidiatum
364 737 462 769 esse,
499 724 655 768 eiusque
679 723 891 757 libertatem
923 723 1245 769 pessumdedisse;
1279 723 1519 758 scribendum
1555 730 1611 758 est
1637 724 1771 772 igitur:
1809 721 1863 757 ὅτι
1899 724 2115 760 πολίταις

162 777 255 811 ἐστὶν
286 775 550 817 ἐπίβουλος,
574 770 675 810 οὗτος
697 771 768 806 οὐδ’
793 773 880 810 nm
903 772 1085 815 ἐπίβουλος
1108 773 1228 818 enim,
1264 773 1366 818 quod
1387 785 1456 819 per
1478 774 1689 808 litterarum
1708 772 1991 808 similitudinem
2013 772 2115 807 inter

161 827 256 861 ἐστίν
272 833 309 861 et
337 823 435 862 οὗτος
455 823 689 858 intercidisse
704 829 848 867 statuo,
873 828 1011 856 notum
1028 822 1115 857 satis
1134 829 1191 856 est
1205 834 1251 857 ex
1269 822 1425 857 Platone
1436 822 1498 868 ⁵⁵).
1550 823 1604 857 Ea
1624 823 1705 870 ipsa
1722 834 1810 857 vero
1828 823 2013 857 sententia
2031 833 2112 857 non

162 888 250 910 vera
273 882 348 917 est3
372 886 459 907 nam
477 874 545 918 qui
565 879 766 917 propterea
788 872 882 906 urbe
899 872 1067 916 eiicitur,
1099 872 1202 917 quod
1221 872 1359 906 civium
1381 884 1535 907 suorum
1552 873 1714 906 libertati
1736 872 1948 916 insidietur,
1982 873 2014 906 is
2038 873 2114 905 eie-

164 932 245 959 ctus
273 923 426 957 habebit
447 920 757 956 sanevinsidiandi
782 921 1015 955 voluntatem
1043 931 1123 954 non
1148 921 1356 965 minorem,
1388 932 1557 955 caussam
1592 921 1706 955 etiam
1729 922 1943 966 iustiorem,
1969 921 2035 955 sed
2059 920 2112 964 id,

164 973 266 1020 quod
287 984 406 1006 unum
422 978 630 1017 spectatur,
653 970 976 1018 opportunitatem
999 977 1037 1004 et
1051 970 1261 1016 potentiam
1280 970 1395 1019 longe
1412 972 1589 1005 minores.

264 1022 405 1067 Quinto
424 1021 506 1054 loco
529 1019 819 1064 reprehenditur
840 1020 1099 1063 ostracismus‚
1122 1019 1246 1064 quod,
1287 1031 1375 1054 cum
1402 1021 1521 1066 possit
1550 1032 1622 1054 usu
1650 1020 1799 1065 venire,
1838 1029 1881 1054 ut
1907 1032 1974 1066 per
2004 1020 2112 1067 igno-

161 1071 319 1106 rantiam
359 1069 524 1116 optimus
553 1068 642 1102 civis
673 1068 863 1113 eiiciatur,
903 1069 1078 1102 futurum
1101 1068 1151 1101 sit
1181 1074 1224 1101 ut
1251 1068 1377 1102 civitas
1400 1081 1471 1114 per
1490 1069 1621 1103 decem
1645 1080 1763 1103 annos
1791 1070 1960 1103 utilitatis
1984 1069 2111 1102 fructu

161 1121 348 1168 privetur,
389 1130 504 1164 quem
532 1129 577 1152 ex
597 1129 642 1151 eo
659 1129 738 1152 non
759 1118 878 1152 eiecto
900 1128 1032 1163 capere
1058 1117 1236 1163 potuerit.
1287 1117 1333 1151 In
1348 1118 1488 1165 graecis
1515 1118 1656 1153 verbis:
1680 1118 1776 1161 οἶμαι
1799 1119 1837 1152 δὲ
1857 1122 1914 1152 καὶ
1940 1119 2017 1155 τούς
2044 1119 2111 1160 φί-

163 1171 242 1206 λους
262 1166 358 1210 ὗμαῖν
371 1168 408 1200 ἐν
422 1169 530 1213 ταύτῃ
546 1167 700 1208 μάλιστα
724 1166 767 1213 τῇ
781 1164 887 1211 ἡμέρᾳ
910 1168 1102 1199 λυπεῖσθαι
1124 1169 1181 1198 καὶ
1202 1167 1281 1202 τούς
1301 1166 1447 1210 ἐχθροὺς
1471 1165 1620 1209 ἥδεσθαι
1631 1192 1643 1207 ‚
1675 1170 1874 1206 συνειδότας
1898 1165 1943 1205 ὥς
1977 1166 2029 1200 ἄν
2063 1166 2109 1199 ἇ-

163 1219 365 1261 γνοῆσαντες
385 1217 565 1259 ἐξελάσητε
589 1216 650 1248 τὸν
670 1217 866 1257 βέλτιστον,
900 1216 982 1249 δέκα
1007 1215 1093 1248 ἑτῶν
1114 1211 1134 1258 ἦ
1153 1215 1254 1253 πόλις
1276 1214 1375 1248 οὐδὲν
1391 1215 1528 1256 ἀγαθὸν
1555 1213 1626 1249 ὑπὸ
1649 1218 1773 1251 τούτου
1797 1218 1860 1251 τοῦ
1878 1217 2001 1261 ἀνδρὸς
2025 1218 2110 1249 πεί-

163 1277 278 1308 σεται,
311 1267 451 1301 notabo
468 1266 589 1300 levius
609 1265 805 1311 quiddam,
837 1277 965 1311 neque
984 1271 1113 1300 tamen
1128 1265 1239 1311 plane
1259 1266 1658 1311 praetermittendum3
1692 1268 1832 1315 legitur
1856 1268 1954 1301 enim
1976 1266 2040 1301 hic
2063 1262 2109 1303 ὥς

163 1316 207 1351 ἂν
228 1324 265 1351 et
282 1315 316 1362 3.
341 1318 400 1350 27.
432 1315 627 1357 θαυμάζειν
652 1314 713 1354 ἄν,
742 1315 863 1349 semel
881 1322 1031 1359 tanturn
1046 1313 1080 1361 S.
1105 1317 1162 1350 18.
1180 1315 1243 1348 ἐὰν
1265 1315 1304 1347 δέ
1326 1326 1372 1349 ex
1398 1315 1612 1349 foederibus
1635 1317 1815 1361 petitum,
1848 1328 2030 1362 quorum,
2053 1316 2111 1349 uti

162 1368 310 1415 legum,
338 1365 620 1411 plebiscitorum
631 1389 642 1408 ,
661 1365 862 1409 SCtorum‚
886 1364 1000 1398 etiam
1014 1364 1189 1409 sequiore
1202 1371 1326 1399 aetate
1345 1371 1424 1398 erat
1439 1364 1501 1397 ἐὰν
1518 1377 1596 1399 non
1610 1363 1655 1398 ἄν
1665 1366 1733 1410 ⁵⁶);
1755 1365 1964 1400 Andocides
1979 1373 2108 1399 autem

162 1417 203 1451 in
219 1415 387 1450 oratione
408 1414 454 1449 de
472 1414 659 1460 mysteriis
675 1414 817 1459 ubique
833 1414 954 1448 forma
976 1413 1097 1447 utitur
1109 1413 1186 1455 ἐὰν,
1215 1413 1344 1461 311,
1367 1416 1402 1450 8.
1429 1417 1496 1459 26,
1519 1417 1553 1451 5.
1583 1417 1654 1460 33,
1678 1418 1712 1451 3.
1739 1418 1808 1461 37,
1832 1418 1866 1450 6.
1892 1419 1962 1459 41,
1983 1416 2018 1449 8.
2043 1415 2108 1458 89,

163 1468 196 1501 5.
223 1467 307 1499 123.
337 1466 420 1497 146.
450 1466 543 1507 149,
571 1467 649 1508 11.,
676 1463 777 1497 unde
798 1463 977 1497 credibile
998 1461 1033 1508 S.
1061 1466 1144 1498 144.
1171 1475 1241 1510 pro
1276 1464 1379 1503 τάδε,
1403 1461 1448 1496 ἂν
1471 1476 1553 1498 esse
1578 1465 1653 1497 τάδ’
1674 1466 1753 1505 ἐὰν,
1781 1465 1924 1511 3149.
1952 1462 2026 1496 οόδ’
2045 1463 2109 1496 ἐὰν

162 1525 233 1560 pro
250 1512 321 1547 οὐδ’
339 1510 649 1555 ἄνεςτὶδεηᾶυως
682 1511 747 1545 κᾶν
768 1519 896 1546 autem
925 1510 960 1557 S.
983 1513 1018 1545 6.
1051 1512 1274 1546 remansisse
1301 1513 1451 1547 videtur
1477 1521 1712 1548 contractum
1738 1526 1784 1548 ex
1814 1513 2022 1559 antiquiore
2052 1515 2111 1545 καὶ

163 1561 224 1606 ἢν,
247 1575 324 1598 non
345 1574 434 1596 vero
458 1574 503 1596 ex
518 1565 573 1596 καὶ
592 1560 655 1602 ἄν,
675 1562 838 1607 ideoque
860 1560 996 1596 eodem
1013 1561 1123 1596 etiam
1145 1561 1338 1608 Antiphon
1359 1563 1478 1597 utitur
1499 1563 1556 1608 11,
1582 1576 1606 1597 α
1633 1563 1666 1611 3.
1693 1566 1728 1599 3.
1777 1564 1832 1608 ΙΙ,
1854 1567 1878 1606 β
1897 1562 1932 1610 3.
1957 1565 1992 1597 2.
2020 1562 2110 1607 (bis)

161 1612 195 1657 3.
223 1615 257 1647 9.
308 1613 358 1655 V,
385 1614 444 1646 32.
497 1613 568 1657 VI,
591 1615 625 1646 6.
653 1612 718 1657 qui
734 1612 855 1646 semel
882 1613 939 1643 καὶ
965 1608 1009 1643 ἂν
1043 1611 1127 1656 (VI,
1153 1612 1204 1655 4.)
1240 1612 1359 1646 semel
1383 1616 1439 1645 καὶ
1464 1610 1504 1654 ἢν
1538 1614 1621 1658 (VI,
1656 1614 1732 1658 25.)
1774 1614 1906 1657 habet,
1938 1612 1999 1645 ἐάν
2028 1613 2109 1646 fere

160 1662 301 1707 ubique
337 1660 387 1706 (Ι,
412 1660 447 1708 S.
475 1663 510 1695 3.
537 1660 571 1708 3.
596 1664 656 1696 20.
684 1668 775 1695 extr.
808 1660 842 1708 S.
867 1663 928 1695 29.
960 1658 994 1706 3.
1018 1661 1079 1694 30.
1129 1661 1182 1706 II,
1207 1664 1249 1701 β,
1282 1660 1378 1707 3.1.
1410 1661 1443 1709 S.
1470 1665 1505 1697 9.
1563 1663 1620 1708 11,
1652 1663 1692 1704 δ,
1728 1661 1761 1709 3.
1788 1666 1823 1696 7.
1856 1661 1890 1709 3.
1917 1663 1953 1697 8.
1985 1660 2020 1706 3.
2048 1663 2109 1695 10.

159 1711 235 1756 III,
262 1723 305 1751 α,
328 1709 362 1757 3.
389 1714 422 1745 1.
459 1715 500 1753 β,
523 1710 557 1758 3.
582 1712 616 1744 2.
655 1710 695 1751 δ,
719 1709 753 1756 3.
780 1712 815 1744 3.
845 1710 932 1756 (bis)
984 1709 1035 1754 V,
1059 1708 1092 1756 3.
1122 1712 1155 1746 5.
1184 1710 1270 1755 (bis)
1305 1709 1337 1757 3.
1365 1713 1426 1747 48.
1452 1711 1486 1758 3.
1509 1715 1571 1747 66.
1605 1713 1689 1757 (bis)
1717 1712 1750 1759 3.
1778 1714 1837 1748 80.
1863 1712 1949 1756 (bis)
1984 1709 2019 1758 S.
2047 1712 2108 1747 85.

160 1759 194 1807 3.
221 1763 281 1796 87.
309 1763 368 1794 90.
396 1763 455 1796 95.
482 1761 567 1808 (bis)
593 1763 653 1795 96.
705 1760 774 1803 VI,
800 1758 834 1806 S.
860 1762 895 1794 4.
922 1759 956 1806 3.
984 1760 1019 1794 8.
1045 1761 1117 1803 28,
1143 1759 1217 1793 nisi
1236 1760 1336 1805 quod
1359 1759 1404 1793 ἄν
1428 1769 1561 1807 quater
1582 1762 1734 1807 quidem
1752 1769 1837 1808 post
1854 1772 1986 1795 vocem
2010 1771 2108 1806 quae

159 1810 200 1843 in
216 1810 385 1844 vocalem
405 1810 482 1845 exit
501 1811 538 1855 Ι,
566 1808 599 1857 S.
627 1811 687 1844 23.
714 1808 764 1854 δῷ
786 1806 831 1842 ἄν
856 1809 908 1854 V,
933 1809 967 1855 S.
994 1811 1054 1843 46.
1079 1808 1258 1851 ἄχθεσθαι
1276 1806 1321 1843 ἂν
1343 1810 1391 1844 ib.
1413 1810 1447 1857 S.
1470 1813 1529 1846 48.
1556 1812 1709 1860 δεσπότῃ
1730 1810 1774 1845 ἂν
1799 1811 1869 1855 VI,
1894 1809 1928 1857 3.
1951 1812 2011 1846 50.
2036 1807 2111 1843 οὐδ’

165 1857 226 1900 ἄν,
258 1860 377 1894 semel
398 1867 544 1894 tantum
563 1867 647 1906 post
665 1870 871 1894 consonam
895 1859 991 1892 ἐστίν
1015 1856 1059 1892 ἂν
1083 1860 1141 1904 11,
1166 1859 1294 1906 3.1.,
1334 1861 1436 1905 quod
1467 1872 1554 1895 cum
1586 1870 1744 1908 propter
1764 1874 1784 1895 ν
1812 1860 2109 1908 ephelcysticum

159 1909 439 1943 excusationem
458 1910 612 1954 habeat,
640 1909 735 1943 mihi
757 1909 882 1943 minus
904 1917 1121 1955 suspectum
1141 1909 1307 1954 videtur,
1334 1920 1448 1954 quam
1472 1911 1578 1953 μηδὲν
1606 1910 1669 1952 ἂν,
1701 1911 1802 1957 quod
1824 1910 2035 1944 Andocides
2059 1909 2109 1943 de

157 1965 270 2003 myst.
296 1958 330 2004 S.
356 1959 391 1993 8.
408 1958 516 1999 dixit.
567 1959 623 1992 Ex
647 1959 785 1993 horum
812 1958 1030 2003 aequalibus
1061 1958 1301 2003 Thucydides
1311 1958 1363 2003 ⁵⁷)
1399 1959 1629 2007 plerumque
1657 1959 1716 2004 ἦν,
1747 1961 1863 1995 rarius
1881 1959 1961 2003 ἐάν,
1985 1970 2109 2005 paene

157 2017 353 2052 nunquam
377 2006 440 2048 ἄν,
462 2007 564 2042 unde
582 2008 651 2052 VI,
688 2009 736 2042 18
761 2007 895 2053 Poppo
916 2019 986 2054 pro
1007 2007 1052 2041 ἄν
1067 2008 1200 2042 maluit
1223 2008 1304 2049 ἐάν,
1338 2006 1403 2042 κᾶν
1430 2017 1557 2044 autem
1583 2011 1682 2057 apud
1699 2010 1861 2045 eundem
1880 2008 2030 2055 saepius
2050 2019 2109 2042 re-

157 2055 321 2101 peritur,
348 2057 465 2091 veluti
483 2057 507 2091 1.
526 2057 596 2101 VI,
623 2068 652 2091 c.
679 2058 739 2092 33.
768 2055 803 2104 3.
826 2059 864 2093 ⁵.
920 2057 1136 2105 Xenophon
1151 2056 1192 2101 ἤν
1210 2057 1301 2093 dicit
1324 2066 1363 2093 et
1378 2058 1458 2099 ἐάν,
1488 2058 1533 2093 ἄν
1560 2067 1688 2097 autem
1714 2067 1797 2094 tum
1828 2065 1997 2103 tantum,
2040 2055 2108 2093 ubi

214 2210 217 2212 Ι
244 2169 256 2187 ⁵
265 2168 294 2204 ⁵)
314 2167 423 2199 Plato·
436 2170 578 2210 Sympos.
593 2181 622 2211 p.
635 2170 705 2202 203.
718 2170 758 2201 1).
782 2169 946 2210 ἐπίβουλός
965 2172 1031 2204 ἔστι,
1043 2175 1110 2208 τοῖς
1126 2174 1232 2209 καλοῖς
1250 2171 1408 2203 Theaetet.
1423 2171 1453 2211 §.
1467 2172 1518 2203 81.
1529 2183 1560 2212 p.
1573 2171 1682 2203 1741).
1730 2172 1781 2209 ⁵⁶)
1797 2170 1830 2201 Id
1845 2180 1882 2215 eq
1898 2177 1992 2206 nsque
2006 2166 2108 2205 valet,

154 2209 186 2235 tu
199 2211 380 2252 uolitantum
399 2209 430 2238 in
444 2209 521 2249 ipsis
534 2209 637 2250 legum
651 2209 790 2240 formulis
808 2211 863 2241 sed
874 2210 966 2256 etiam
979 2220 1047 2240 cum
1060 2215 1200 2241 oratores
1214 2209 1279 2240 suis
1294 2212 1397 2242 verbis
1409 2216 1618 2251 argumentum
1629 2211 1741 2252 legum,
1755 2210 1993 2251 plebismtonm,
2006 2205 2107 2236 scio·

156 2254 241 2314 (rura,
260 2249 433 2316 Ραοίιῗιιιιὲιι
442 2248 622 2318 brudei-um
643 2250 795 2288 reserum,
815 2249 869 2282 ἐὰν
882 2249 1348 2296 ρατιηιιῐιιιιιιιςιιτμΕκωψΙα
1365 2261 1405 2297 eir
1421 2250 1688 2283 innumerabilibus
1706 2259 1806 2291 pauca
1820 2244 2108 2317 ᾱαὴοέᾝεὲθε.

155 2294 435 2364 ..82329
455 2289 704 2374 ἓῗῑέξᾷῗῖτ.
720 2288 764 2358 ἷξε
780 2289 822 2360 ξε.
836 2288 1045 2375 ’ἕώξὶῖἱῗ
1055 2288 1153 2362 ἕῖὶίἒῖι
1162 2289 1219 2359 ἓξῑ
1235 2288 1542 2362 ³⁶.{.‘;.5⁴³9‘'2¹.'’2.÷3¹22’
1563 2289 1850 2376 tungris.
1917 2324 1971 2358 ε...
1985 2294 2071 2369 ...⁰17
2093 2305 2105 2314 ·

154 2361 209 2411 3⁰5⁹
223 2375 278 2399 τις.
295 2363 335 2393 al.
384 2364 564 2405 Suspectum
582 2367 653 2398 lunc
678 2367 719 2400 ὃν
744 2367 876 2406 δυνατὸς
895 2365 923 2400 ὦ
939 2378 972 2399 m
984 2368 1014 2399 le
1037 2378 1054 2398 e
1075 2377 1126 2407 ap.
1146 2366 1325 2400 Andos-id.
1340 2369 1378 2398 de.
1394 2373 1485 2409 myst.
1500 2369 1531 2408 ς.
1569 2370 1599 2400 7.
1629 2379 1696 2400 eun
1712 2379 1745 2400 ιιι
1757 2367 1877 2408 reliqua
1893 2365 1961 2404 lege
1978 2371 2104 2401 saepius

153 2401 210 2435 “W
230 2405 327 2442 0¹⁸⁰&
347 2411 521 2445 ⁸¹¹³Pectum
538 2405 579 2441 ὃν
597 2410 630 2441 οἰ
648 2407 792 2451 ἄρχοντες
806 2417 858 2449 ap.
874 2406 954 2451 Lys.
1062 2430 1073 2448 ‚
1094 2408 1125 2440 6.
1231 2409 1243 2429 ⁵
1250 2408 1281 2448 ⁷)
1301 2407 1421 2450 Poppo
1442 2408 1472 2448 1,
1494 2409 1530 2449 l,
1547 2408 1619 2442 230,
