2263 2788
1022 72 1106 80 --·
1157 64 1234 89 xul
1284 73 1367 81 —··-

210 129 390 171 heliastae
416 139 461 169 ut
485 132 660 168 sederent
678 130 807 168 sortiti
830 138 979 177 essent,
1014 138 1081 166 aut
1110 139 1212 167 certe
1244 130 1478 167 heliasticam
1505 130 1732 176 aetatemst)
1774 127 1986 178 attigissent
2012 129 2164 177 triginta

209 196 405 220 annorum.
464 183 647 217 Novimus
665 188 944 216 sacramentum
965 181 1219 228 epheborum,
1254 194 1330 228 quo
1351 182 1416 228 qui
1433 181 1480 216 ad
1502 182 1703 229 ephebiam
1726 179 2010 226 pervenissent,
2037 178 2076 212 id
2109 186 2166 213 est

209 235 415 281 septimum
445 232 636 266 decimum
666 231 797 266 aetatis
824 243 969 266 annum
994 231 1259 277 excessissent,
1298 232 1338 267 in
1365 230 1460 266 aede
1484 231 1656 280 Agrauli,
1689 230 1731 264 ni
1754 230 1882 274 fallor,
1916 227 2164 262 sollemnibus

207 282 471 333 Agrauliorum
498 281 646 316 adactos
672 292 753 315 esse
782 287 926 315 constat
934 280 1006 325 ³⁹),
1043 281 1144 327 quod
1167 281 1321 327 quidem
1342 288 1618 316 sacramentum
1638 279 1824 327 referebat
1845 279 1927 312 fere
1955 288 2164 311 sacramen-

206 340 291 367 tum
319 331 493 367 militare.
544 330 728 365 Novimus
751 330 1013 365 iusiurandum
1034 342 1176 365 novem
1196 331 1501 377 praetorumffl),
1528 342 1604 377 quo
1627 329 1685 364 illi
1702 329 1876 363 ineuntes
1900 327 2163 375 magistratum

206 381 248 416 in
262 381 365 431 leges
385 379 580 424 iurabant;
615 391 703 414 nam
726 387 877 427 praeter
893 391 1034 415 novem
1054 380 1249 414 archontas
1266 381 1358 415 alios
1382 380 1497 414 etiam
1514 380 1750 428 magistratus
1773 378 1814 413 in
1831 376 2062 423 capessendo
2079 386 2163 410 tnu-

205 442 297 466 nere
315 429 576 465 iusiurandum
598 428 743 464 dedisse
769 429 906 464 merito
930 437 1044 478 negat
1067 429 1106 463 C.
1131 430 1169 464 F.
1191 430 1496 475 Hermannus⁴¹)
1532 430 1577 464 ab
1602 440 1792 476 quoquam
1817 426 2025 462 memoriae
2050 424 2162 459 tradi-

204 486 288 522 tum
311 490 402 514 esse.
453 478 698 523 Novimus⁴²)
737 478 998 512 iusiurandum
1025 478 1253 513 arbitrorum
1282 480 1361 514 sive
1389 480 1559 515 iudicum
1585 479 1632 513 de
1662 479 1864 512 chororum
1890 474 2160 510 certaminibus

203 527 470 572 iudicantium,
494 534 537 561 ut
549 527 762 562 iuramenta
778 533 1032 575 praeteream,
1059 539 1155 573 quae
1179 528 1220 561 in
1242 529 1388 562 iudiciis
1416 536 1483 563 aut
1507 529 1553 562 ab
1581 527 1811 575 litigantibus
1832 533 1897 559 aut
1922 526 1967 559 ab
1997 524 2158 558 testibus

202 587 267 614 aut
284 578 330 613 ab
347 577 491 612 arbitris
511 577 843 624 compromissariis
865 576 1059 613 dabantur.
1118 577 1385 613 Iusiurandum
1409 590 1499 613 vero
1523 577 1658 626 populi
1683 575 1797 622 idque
1824 585 2027 609 commune
2049 584 2158 608 sena·

199 635 262 661 tus
277 638 402 671 neque
418 628 652 670 reliquorum
669 627 895 671 scriptorum
912 628 1110 672 quisquam
1135 636 1409 662 commemorat
1450 629 1505 673 (id
1525 635 1653 662 autem
1677 626 1869 660 silentium
1889 632 1962 670 est,
2001 624 2033 659 si
2051 622 2157 670 quod

200 675 320 721 aliud,
347 682 390 710 ut
407 686 494 710 cum
516 674 573 708 Fr.
595 674 687 723 Aug.
708 674 844 709 Wolfio
862 674 1014 721 loquar,
1038 682 1224 721 argutum
1250 683 1288 710 et
1308 677 1471 722 vocale),
1495 687 1622 722 neque
1644 674 1824 708 credibile
1842 680 1898 705 est
1919 674 2053 717 fuisse,
2088 680 2155 705 aut

198 727 231 761 si
259 726 350 770 fuit,
396 738 438 760 ea
467 723 697 759 continuisse
726 737 823 771 quae
847 725 909 760 hic
937 733 1109 761 narratur
1130 727 1371 762 continuisse.
1433 728 1521 763 Non
1550 724 1729 761 credibile
1754 730 1811 759 est
1838 721 1970 767 fuisse,
2002 733 2091 756 nam
2120 720 2154 755 si

196 775 350 820 fuisset,
385 773 575 808 debuisset
599 785 679 808 esse
702 785 890 818 annuum,
924 786 1095 809 annuum
1120 783 1250 810 autem
1277 788 1404 821 neque
1427 777 1521 824 fingi
1548 782 1674 822 potest
1697 786 1770 819 qua
1797 774 1838 807 in
1870 772 2152 819 opportunitate

196 826 350 861 solitum
370 824 418 858 sit
432 824 529 867 dari,
557 831 595 858 et
612 836 692 859 non
705 824 831 858 minus
848 824 1169 871 Demophantiss)
1195 826 1434 873 plebiscitum
1454 838 1568 873 quam
1587 830 1863 860 sacramentum
1882 820 2149 865 amnestiae“)

195 875 408 921 repugnant
421 883 548 907 annuo
566 874 700 919 populi
722 880 968 907 sacramento.
986 874 1247 921 Demophanti
1265 876 1365 910 enim
1382 877 1456 920 lex,
1466 888 1563 922 quae
1581 876 1655 908 lata
1673 882 1730 908 est
1743 885 1841 907 anno
1848 873 1903 916 ⁴*⁵)
1921 872 1978 906 01.
1986 870 2100 915 XCII,
2110 874 2148 915 3,

193 923 301 957 iussit
316 921 441 965 ὀμόσαι
456 920 488 954 δ’
500 921 706 965 Ἀθηναίους
718 920 875 960 ἅπαντας
892 921 973 955 καθ’
985 922 1088 967 ἱερῶν
1102 925 1254 965 τελείων,
1278 926 1366 957 κατὰ
1384 926 1497 968 φυλὰς
1514 928 1572 958 καὶ
1587 924 1677 956 κατὰ
1701 923 1845 965 δήμους,
1868 921 2085 954 ἀποκτείνειν
2093 921 2146 965 ⁴⁶)

194 974 256 1006 τὸν
275 972 387 1005 ταῦτα
406 973 602 1015 ποιήσαντα
615 993 638 1000 -
650 972 760 1007 ταῦτα
776 973 814 1007 δὲ
831 971 1031 1016 ὀμοσάντων
1049 972 1231 1018 Ἀθηναῖοι
1250 976 1378 1013 πάντες
1404 974 1484 1009 καθ’
1504 973 1607 1019 ἱερῶν
1622 974 1774 1014 τελείων,
1789 973 1850 1007 τὸν
1868 972 2015 1015 νόμιμον
2034 968 2148 1015 ὅρκον,

194 1022 264 1066 πρό
280 1024 479 1054 Διονυσίων.
528 1023 745 1056 Amnestiae
768 1030 896 1056 autem
918 1031 1194 1057 sacramentum
1217 1025 1429 1058 Andocides
1455 1026 1639 1072 significat
1668 1031 1840 1057 senatum
1863 1021 2062 1067 quotannis
2090 1022 2146 1056 iu-

192 1083 313 1108 rasse:
331 1067 351 1116 ἧ
372 1071 409 1106 δὲ
427 1071 535 1115 βουλὴ
550 1069 595 1106 αὖ
615 1068 635 1116 ἦ
658 1070 726 1107 ἀεὶ
744 1072 958 1116 βουλεύουσα
979 1074 1016 1106 τί
1041 1071 1184 1116 ὅμνυσις
1209 1076 1296 1116 »καὶ
1317 1071 1358 1108 οὗ
1374 1074 1515 1117 δέξομαι
1545 1072 1691 1110 ἔνδειξιν
1720 1070 1798 1106 οὐδὲ
1832 1071 2015 1113 ἀπαγωγὴν
2044 1069 2145 1103 ἕνεκα

190 1121 260 1154 τῶν
280 1123 451 1165 πρότερον
471 1126 720 1164 γεγενημένων,
752 1124 843 1165 πλὴν
866 1122 937 1156 τῶν
955 1124 1197 1165 φευγόντωνῑῑ,
1220 1125 1422 1169 quotannis
1443 1125 1635 1159 heliastas:
1652 1120 1745 1166 ὖμεΐς
1768 1123 1799 1157 (3⁰
1818 1121 1881 1164 αὖ,
1905 1119 1931 1156 ὦ
1955 1120 2145 1164 Ἀθηναῖοι,

191 1174 228 1207 τί
246 1170 432 1216 ὅμόσαντες
468 1171 689 1213 δικάζετες
722 1174 808 1214 »καὶ
825 1170 867 1207 οὕ
898 1174 1158 1218 μνησικακήσω,
1197 1172 1276 1207 οὐδὲ
1307 1172 1401 1219 ἄλλῳ
1429 1175 1614 1216 πείσομαι,
1652 1172 1851 1218 ψηφιοῦμαι
1876 1174 1914 1205 δὲ
1947 1171 2035 1204 κατᾶ
2064 1173 2143 1209 τούς

190 1226 362 1264 κειμένους
383 1224 556 1264 νόμους“,
583 1225 680 1257 cives
704 1231 831 1257 autem
848 1236 981 1257 omnes
1001 1226 1120 1258 semel
1143 1233 1290 1259 tanturn
1319 1233 1358 1259 et
1377 1233 1464 1271 post
1489 1224 1764 1259 reconciliatam
1792 1224 1942 1270 quidem
1967 1221 2143 1258 omnium

188 1284 339 1320 pacem:
365 1269 385 1306 ὅ
400 1274 462 1316 μὲν
483 1272 597 1311 κοινὸς
624 1270 755 1318 (ὅρκος)
780 1271 824 1321 τῇ
843 1273 945 1307 πόλει
963 1269 1100 1322 ἁπάσῃ,
1132 1273 1171 1308 ὃν
1198 1273 1400 1317 ὀμωμόκατε
1424 1274 1552 1311 πάντες
1570 1275 1657 1316 μετὰ
1679 1275 1740 1310 τὰς
1761 1274 1965 1313 διαλλαγάς,
1988 1296 2009 1312 ,,
2019 1275 2075 1304 καὶ
2101 1271 2143 1305 οὗ

189 1324 428 1365 μνησικακήσω
448 1323 519 1356 τῶν
536 1322 692 1356 πολιτῶν
715 1322 830 1357 οὐδενί
837 1329 858 1345 “
878 1325 947 1357 κτλ
984 1324 1121 1359 Nonne
1143 1332 1271 1359 autem
1289 1333 1372 1360 tum
1380 1325 1673 1371 Demophamus
1694 1331 1777 1358 tum
1790 1323 1994 1358 amnestiae
2010 1328 2142 1357 auctor

198 1381 264 1404 sua
274 1371 484 1405 iuramenta
497 1372 583 1405 addi
594 1372 789 1405 iussissent
804 1383 929 1405 annuo
944 1373 1077 1417 populi
1097 1373 1311 1406 iuramento
1321 1398 1332 1417 ,
1359 1375 1392 1406 si
1408 1385 1580 1407 annuum
1596 1373 1753 1406 fuisset?
1802 1375 1880 1419 Ego
1894 1383 1982 1406 vero
1994 1371 2140 1415 opinor.

193 1420 265 1455 Sed
291 1428 334 1455 ut
351 1422 464 1456 fuerit
485 1433 653 1455 annuum
672 1420 805 1468 populi
832 1421 1119 1467 iusiurandum,
1150 1429 1264 1468 atque
1302 1421 1398 1458 adeo
1421 1422 1556 1467 fuerit,
1598 1420 1637 1456 id
1654 1420 1757 1468 quod
1784 1421 1893 1455 etiam
1913 1420 2038 1454 minus
2061 1428 2141 1453 cre·

189 1470 303 1503 dibile
325 1478 398 1515 est,
417 1482 621 1505 commune
634 1478 785 1504 senatus
801 1471 1029 1517 populique,
1050 1472 1148 1506 illud
1167 1479 1268 1506 certe
1284 1484 1362 1507 non
1379 1480 1529 1519 poterat
1540 1466 1737 1506 continere
1757 1472 1839 1514 μήτε
1855 1471 1971 1514 δήσειν
1985 1467 2140 1513 ἄκριτον,

184 1530 225 1555 se
247 1519 443 1554 neminem
461 1520 503 1554 in
524 1519 671 1555 vincula
687 1531 950 1566 carceremque
965 1520 1200 1556 coniecturos
1221 1533 1303 1556 esse
1327 1529 1477 1569 praeter
1498 1521 1787 1564 condemnatos;
1813 1532 1902 1554 nam
1925 1530 2071 1553 carcere
2099 1525 2139 1553 et

184 1569 343 1603 vinculis
366 1570 407 1603 in
430 1569 634 1613 ἀπαγωγῆς,
665 1570 854 1610 ἐνδείξεως,
883 1571 1096 1613 ἐφηγήσεως,
1137 1578 1251 1617 atque
1277 1572 1318 1606 in
1344 1571 1539 1606 nonnullis
1566 1571 1774 1612 εἲςαγγελίας
1797 1569 1963 1614 iudiciis,
1998 1567 2136 1615 quibus

183 1617 335 1662 quidem
367 1625 433 1652 aut
458 1619 730 1665 perduellionis
756 1627 821 1653 aut
851 1620 1055 1653 maiestatis
1089 1621 1294 1664 (προδοσίας
1319 1619 1340 1663 ἢ
1362 1622 1578 1658 καταλύσεως
1599 1621 1662 1654 τοῦ
1681 1621 1803 1664 δήμου)
1838 1626 2027 1667 ageretur,
2054 1629 2135 1652 non

182 1667 342 1702 convicti
367 1667 523 1704 demum
546 1669 861 1716 condemnatique
877 1669 944 1705 sed
961 1669 1039 1705 iam
1058 1670 1115 1705 rei
1134 1671 1379 1717 tenebantur,
1406 1682 1570 1719 quorum
1590 1682 1734 1706 nomen
1759 1676 1857 1705 esset
1879 1668 2056 1703 delatum.

284 1742 329 1777 In
344 1743 388 1777 iis
406 1756 516 1790 vero,
545 1757 640 1791 quae
662 1746 764 1780 addit
780 1753 922 1791 orator,
960 1746 1026 1786 »ἐν
1049 1747 1087 1780 δὲ
1110 1746 1197 1792 τῷδε
1210 1747 1260 1793 τῷ
1285 1747 1395 1793 καιρῷ
1419 1747 1499 1782 οὔτε
1520 1750 1721 1792 κατηγορίας
1741 1749 1917 1789 γενομένης
1937 1744 2016 1778 οὔτε
2038 1742 2133 1777 ἄπο-

180 1792 297 1832 λογίας
317 1791 550 1840 ἀποδοθείσης
559 1799 591 1836 “,
615 1795 709 1830 illud
725 1795 884 1840 mirum,
907 1796 1010 1841 quod
1025 1808 1253 1843 quamquam
1270 1805 1386 1846 negat
1401 1798 1443 1832 in
1459 1799 1677 1833 ostracismo
1696 1795 1921 1832 accusationi
1943 1801 1981 1828 et
2002 1793 2133 1827 defen—

176 1842 273 1876 sioni
288 1843 416 1877 locum
430 1857 522 1890 esse,
534 1846 743 1880 orationem
756 1852 885 1880 tamen
905 1846 988 1892 ipse
1001 1847 1159 1893 scripsit,
1173 1847 1214 1881 in
1229 1859 1303 1893 qua
1318 1855 1356 1882 et
1375 1860 1415 1883 se
1429 1847 1597 1883 defendit
1614 1856 1653 1883 et
1667 1846 1895 1882 Alcibiadem
1914 1849 2072 1888 accusat,
2092 1849 2132 1877 et

177 1899 409 1926 accusatores
429 1894 567 1928 diserte
588 1902 861 1929 commemorat
879 1893 928 1940 (g.
947 1895 999 1939 8)
1018 1896 1082 1940 qui
1098 1896 1168 1929 sibi
1190 1896 1320 1930 odium
1335 1897 1529 1944 popularis
1546 1897 1696 1943 imperii
1717 1904 1756 1931 et
1776 1896 1999 1930 seditionem
2027 1892 2132 1926 obie-

176 1940 297 1974 cerint
317 1948 355 1976 et
371 1941 405 1988 ξ.
434 1946 494 1980 25.
524 1943 758 1978 Alcibiadem
784 1943 874 1978 dicit
899 1943 946 1978 de
969 1944 1142 1979 omnibus
1168 1945 1248 1979 aliis
1268 1946 1395 1992 potius
1413 1958 1528 1993 quam
1550 1947 1598 1981 de
1624 1947 1670 1981 iis
1693 1946 1805 1980 rebus
1829 1955 1869 1978 se
1890 1954 1970 1977 esse
1998 1941 2131 1975 defen-

174 2000 305 2024 surum
331 2002 490 2036 quarum
513 1994 561 2028 sit
585 2001 778 2027 accusatus
806 1994 901 2038 (περὶ
918 1995 1061 2027 πάντων
1079 1994 1212 2037 μᾶλλον
1234 1992 1255 2038 ἢ
1274 1994 1344 2029 τῶν
1377 1999 1785 2042 κατηγορηθέντων
1818 1990 2129 2036 ἀπολογήσεσθαι)

175 2038 412 2085 Quamquam
435 2053 522 2077 cum
544 2046 744 2086 κατηγορεῖν
762 2050 800 2077 et
818 2041 1075 2084 ἀπολογεῖσθαι
1095 2057 1175 2080 non
1196 2052 1348 2080 tantum
1373 2046 1420 2080 de
1443 2046 1542 2080 iusta
1573 2046 1808 2081 accusatione
1839 2050 1876 2078 et
1905 2041 2128 2077 defensione

176 2088 242 2121 sed
260 2088 372 2123 etiam
395 2090 442 2124 de
468 2093 678 2137 opprobriis
699 2093 805 2130 factis
830 2094 1067 2141 repulsisque
1095 2093 1327 2143 dicaturfl),
1359 2095 1398 2130 id
1414 2107 1495 2131 non
1509 2096 1756 2131 vehementer
1770 2090 2128 2141 reprehendendum

252 2203 287 2222 ³⁸
327 2200 498 2235 Demosth.
514 2215 540 2236 c.
555 2205 692 2237 Timocr.
710 2206 786 2245 747,
808 2207 838 2238 9.
903 2207 956 2247 ³⁹)
979 2206 1111 2238 Pollux
1128 2207 1213 2247 vm,
1232 2207 1300 2240 105.
1326 2206 1420 2240 stol».
1444 2207 1544 2240 XLIII
1579 2206 1621 2240 48
1658 2231 1667 2239 .
1684 2207 1752 2239 110.
1779 2205 1887 2239 Cicer.
1905 2205 1943 2236 de
1957 2202 2093 2244 reum,
2106 2201 2128 2233 9

171 2243 226 2280 ⁴⁹)
247 2240 293 2272 Sc
316 2244 438 2287 ‹zu-quq·
458 2242 479 2274 1.
500 2255 530 2276 0.
566 2245 650 2276 ‚245
664 2251 725 2277 not
741 2246 789 2278 18.
865 2249 921 2285 υ)
942 2247 1096 2295 prquam.
1113 2248 1174 2279 ind.
1195 2248 1291 2295 scial.
1308 2233 1628 2289 Marburg.a.1{}33-
1690 2247 1783 2287 p.vl‚
1797 2253 1857 2278 not.
1872 2246 1902 2277 1.
1976 2246 2030 2283 ⁴²)
2049 2242 2125 2273 De-

169 2279 286 2312 mosth.
300 2290 326 2311 r.
343 2279 472 2312 Midian
485 2283 547 2354 ῗ41
569 2306 578 2316 .
596 2285 645 2315 65.
659 2286 708 2317 55.
784 2287 838 2339 ⁴³)
857 2285 1036 2318 Andocaed.
1056 2288 1093 2317 de
1109 2293 1265 2321 mysteriis
1281 2288 1312 2328 §.
1326 2288 1375 2318 96.
1449 2292 1503 2323 ⁴⁴)
1528 2288 1624 2318 Idm
1636 2289 1666 2328 §.
1681 2287 1730 2318 90.
1750 2289 1901 2398 cvl-mlx:
1909 2283 2061 2364 &gor-gx.
2074 2281 2125 2352 hM:

171 2321 230 2352 scri
246 2325 275 2367 J.
291 2320 401 2352 Graec.
419 2321 473 2354 Nr.
496 2363 502 2370 υ
524 2324 554 2355 7.
633 2328 686 2364 ⁴⁶)
711 2326 795 2367 Lege
812 2332 1010 2365 αποκτευιῖν,
1034 2328 1111 2367 quod
1130 2323 1300 2370 Tuylorus
1325 2331 1340 2366 (
1348 2327 1456 2359 Reisk.
1472 2328 1556 2359 Orat.
1571 2326 1756 2359 Graecffol.

168 2362 204 2391 A.
245 2371 265 2391 ι.
280 2369 305 2389 e.
327 2369 419 2391 mann
441 2367 564 2403 antiqua
585 2370 636 2396 aut
654 2366 793 2406 margine
811 2366 964 2408 Aldinae]
991 2367 1053 2398 ian
1071 2368 1235 2400 adnouwit.
1317 2368 1371 2407 ⁴⁷)
1393 2367 1568 2400 De-mk.
1588 2367 1703 2400 aMid.
1720 2366 1781 2399 510
1799 2366 1830 2407 §-
1922 2364 2000 2406 ιφ·
2019 2362 2049 2401 ¹2
2071 2359 2122 2392 37·

168 2395 275 2432 nac.
292 2398 322 2440 1,
342 2398 392 2431 οι.
