2263 2788
1177 135 1235 159 vu
1284 141 1371 150 —

229 200 368 235 mentis
383 198 668 245 Valckenarius,
694 212 830 236 eorum
849 211 971 235 unum
997 200 1153 246 (VHffl’)
1183 199 1319 247 „quod
1350 211 1394 235 ea
1415 199 1535 237 oratio
1559 198 1641 239 siue
1666 196 1902 238 dubitatione
1924 205 1968 237 ut
1983 198 2184 240 Andocidis

229 249 366 285 citetur
394 250 441 283 ab
457 249 807 296 Harpocratione“,
833 257 916 285 tum
943 249 1261 295 examinabimus,
1285 250 1351 284 ubi
1373 249 1552 285 orationis
1573 249 1753 286 interiore
1769 248 1909 287 virtute
1931 247 2185 290 demonstrata

229 298 536 334 testimoniorum
555 306 727 333 naturam
749 299 1047 344 aestimabimus,
1072 310 1169 345 quae
1188 299 1351 334 orationi
1364 299 1479 334 fidem
1505 298 1644 345 partim
1669 298 1863 343 adferunt,
1898 298 2038 343 partim
2060 297 2186 336 immi-

225 355 370 391 nuunt3
395 346 497 381 VI⁸¹¹¹²
519 356 649 385 autem
671 355 709 383 et
726 348 884 394 VIIIW,
908 360 1005 395 quae
1025 348 1159 384 eodem
1181 349 1343 384 redeunt
1381 347 1493 393 „vim
1515 347 1664 387 dicendi
1689 348 1731 385 in
1746 347 1816 382 hac
1835 347 2007 382 oratione
2031 347 2183 388 elucere

224 396 486 432 admirabilem
505 405 543 433 et
556 409 710 446 prorsus
726 398 998 444 Andocideam,
1025 398 1154 434 stilum
1164 399 1284 434 videri
1305 398 1469 434 eundem
1485 398 1527 435 in
1543 399 1616 434 hac
1634 398 1804 433 oratione
1822 404 1936 444 atque
1955 397 1998 435 iu
2014 396 2183 443 reliquis,

226 457 325 491 quae
348 446 424 481 sint
449 447 531 482 sine
562 449 812 483 controversia
833 448 1100 494 Andocidea“,
1125 449 1252 483 statim
1282 455 1321 483 et
1341 459 1419 483 uno
1439 448 1518 484 ictu
1540 448 1736 485 conficiam
1761 454 1981 493 utrumque·
2028 446 2184 488 Etenim

225 495 588 532 cumValckenarius
608 509 688 533 non
704 498 921 547 singulatim
938 498 1253 534 demonstraverit
1268 498 1393 533 inesse
1411 497 1572 534 orationi
1593 498 1751 535 virtutes
1771 509 1851 542 βας,
1877 497 2013 543 quibus
2036 503 2184 544 specta·

223 551 289 580 tur
314 545 548 592 eloquentia,
571 547 668 582 istuc
688 548 816 595 ipsum
837 548 1034 583 eluceatne
1048 549 1284 583 admirabilis
1302 548 1450 583 dicendi
1469 548 1524 583 vis
1541 548 1583 583 in
1598 548 1670 582 hac
1695 547 1884 591 oratione,
1916 555 1998 585 tum
2023 546 2184 588 demum

221 594 437 642 apparebit,
473 596 540 631 ubi
563 598 643 632 eius
670 597 818 645 singula
836 603 875 631 et
897 597 1013 632 verba
1040 605 1078 632 et
1102 598 1305 639 sententias
1323 599 1364 632 in
1386 597 1570 634 iudicium
1592 608 1768 634 severum
1788 596 1883 633 illud
1899 596 2075 643 quidem,
2102 595 2182 640 sed,

221 644 264 679 ni
284 644 413 691 fallor,
438 657 519 681 non
535 647 711 693 iniquum
732 646 1020 692 adduxerimus;
1054 647 1122 683 sed
1148 649 1207 683 fao
1226 660 1314 683 vere
1340 647 1554 694 praedicare
1580 646 1869 685 Valckenarium
1897 646 1944 681 de
1974 646 2180 687 virtutibus

222 695 420 740 orationis,
449 696 728 737 multo—*minus
761 708 803 731 ea
827 704 954 743 potest
978 697 1109 732 haberi
1128 709 1198 744 pro
1221 698 1302 732 fetu
1319 696 1543 742 Andocidis,
1567 708 1683 743 quem
1711 696 1949 735 consentiens
1976 696 2180 742 antiquitas

219 742 481 780 admirabilem
493 745 572 780 vim
587 745 737 781 dicendi
759 747 912 795 negavit
929 759 1011 782 esse
1036 754 1295 782 consecutum.

313 816 373 855 Eo
390 821 511 869 ‘igitur
526 821 603 868 iam
628 822 786 860 deducta
810 830 866 857 est
887 824 1111 871 disputatio,
1136 831 1181 859 ut
1205 824 1303 859 nihil
1327 831 1475 859 constet
1495 825 1542 858 ab
1565 823 1731 875 Tayloro
1757 833 1840 858 esse
1863 822 2040 867 allatum,
2073 821 2177 868 quod

217 868 269 905 ab
287 870 466 906 Phaeace
489 871 700 919 profectam
724 884 806 908 esse
830 873 1042 909 orationem
1065 874 1219 919 doceat3
1252 874 1319 910 sed
1341 886 1438 921 quae
1459 874 1614 922 quidem
1640 872 1923 908 accommodate
1950 872 1996 907 ad
2023 883 2177 919 persua-

218 918 386 955 dendum
408 928 497 954 sunt
517 921 641 969 dicta,
675 935 721 957 eo
751 923 898 967 valent,
936 931 982 957 ut
1006 924 1239 970 quicumque
1264 925 1419 959 demum
1449 924 1565 959 fuerit
1595 922 1773 957 orationis
1802 929 1950 966 auctor,
1984 922 2030 955 ab
2051 932 2096 955 eo
2115 921 2177 958 vel

214 968 393 1003 Phaeaci
407 970 471 1004 vel
491 982 538 1004 ez·
552 972 721 1016 persona
737 972 930 1006 Phaeacis
948 973 1126 1020 scriptam
1144 985 1228 1008 eam
1251 985 1334 1008 esse
1352 974 1461 1013 dicas,
1520 974 1646 1019 Atque
1664 972 1705 1007 id
1725 971 1822 1005 mihi
1853 982 2005 1017 quoque
2031 970 2175 1019 placet,

214 1028 306 1052 nam
335 1029 432 1059 cum„
448 1019 658 1057 Alcibiades
683 1021 1030 1068 Niciasque'semel
1059 1022 1220 1061 omnino
1254 1024 1369 1070 idque
1403 1034 1488 1063 cum
1515 1023 1686 1058 Phaeace
1725 1021 1772 1056 de
1805 1021 2020 1055 ostracismo
2047 1020 2173 1060 decer-

214 1066 314 1102 tasse
328 1077 549 1116 narrentur,
580 1082 623 1104 ea
643 1067 784 1117 oratio,
817 1072 858 1106 in
876 1072 982 1107 cuius
996 1073 1183 1123 principio
1200 1080 1305 1108 actor
1324 1073 1526 1118 profitetur
1549 1073 1620 1106 sibi
1643 1072 1820 1106 adversus
1844 1071 1928 1105 illos
1955 1070 2174 1106 duumviros

216 1117 635 1165 ostracismi.certamen
657 1122 757 1166 esse,
783 1132 860 1156 non
877 1129 1005 1168 potest
1030 1134 1076 1162 ex
1100 1122 1195 1156 alius
1215 1121 1349 1157 actoris
1372 1134 1536 1170 persona
1555 1121 1694 1168 scripta
1720 1131 1820 1165 esse,
1855 1131 1967 1166 quam
1991 1131 2037 1155 ex
2057 1119 2176 1153 Phae-

214 1166 310 1212 acis,
321 1193 323 1196 -
336 1167 410 1202 nisi
430 1168 493 1202 vel
509 1180 552 1202 ea
569 1169 651 1215 ipsa
666 1171 708 1204 in
722 1182 765 1204 re
781 1171 827 1204 ab
849 1179 1004 1205 auctore
1022 1172 1319 1207 orationis'dicas
1334 1179 1464 1207 contra
1486 1184 1615 1207 rerum
1629 1171 1744 1210 fidem
1766 1177 1805 1204 et
1825 1169 2053 1207 memoriam
2072 1180 2174 1203 com·

212 1215 374 1254 missum
391 1219 482 1251 esse'.
534 1218 628 1253 Earn
646 1218 762 1268 igitur
779 1221 1057 1267 narrationem,
1084 1233 1158 1267 qua
1176 1221 1224 1256 de
1247 1222 1474 1256 testularum
1500 1221 1715 1256 discrimine
1736 1220 1836 1254 inter
1850 1219 1907 1253 ΙΙΙ
1929 1219 2016 1255 illos
2037 1218 2173 1265 princi-

211 1262 279 1315 pes
305 1266 404 1300 'viros
424 1267 674 1314 disceptatum
698 1282 779 1304 esse
806 1271 1016 1317 ferebatur,
1048 1271 1143 1320 legit
1164 1279 1389 1319 personatus
1414 1279 1556 1317 orator,
1590 1283 1673 1305 eam
1696 1281 1767 1322 pro
1790 1269 1908 1304 fundo
1929 1269 2093 1314 habuit,
2110 1268 2172 1303 cui

210 1326 319 1351 suam
343 1315 658 1362 declamationem
674 1327 964 1369 superstrueret.
984 1342 1039 1351 —

307 1393 513 1440 Postquam
534 1407 625 1430 vero
644 1396 826 1431 evicimus
843 1398 1055 1432 orationem
1075 1398 1122 1433 ad
1142 1399 1377 1434 Andocidem
1402 1398 1510 1433 nullo
1531 1397 1648 1432 modo
1667 1396 1801 1431 referri
1818 1407 1947 1442 posse,
1984 1396 2031 1430 ad
2050 1396 2169 1430 Phae-

208 1452 314 1477 acem
331 1453 411 1477 nou
426 1442 724 1481 demonstratum
741 1457 823 1481 esse
842 1458 909 1481 cur
925 1446 1066 1482 debeat
1081 1449 1235 1495 referri,
1261 1460 1331 1497 age
1352 1449 1430 1483 iam
1454 1447 1550 1483 illud
1577 1458 1763 1482 conemur
1785 1446 1953 1490 efficere,
1988 1451 2032 1482 ut
2051 1456 2102 1482 ne
2122 1445 2168 1480 ab

208 1492 358 1537 aequali
376 1493 528 1538 quidem
549 1494 751 1530 Andocidis
768 1494 852 1531 eam
869 1496 1056 1543 proficisci
1074 1499 1243 1544 potuisse
1266 1498 1531 1546 intellegatur3
1566 1497 1668 1543 quod
1687 1496 1721 1530 si
1743 1496 2018 1541 obtinebimus,
2053 1494 2168 1533 etiam

207 1541 327 1590 magis
340 1542 473 1577 'actum
491 1543 566 1578 erit
586 1543 634 1579 de
656 1545 812 1591 Taylori
833 1546 1052 1583 coniectura
1075 1555 1121 1583 ut
1145 1548 1193 1584 de
1214 1548 1434 1586 Ruhnkenii
1449 1547 1766 1593 Valckenariique
1789 1544 1940 1580 iudicio.

1153 1649 1206 1687 Π.

310 1723 509 1762 Contendo
528 1727 644 1775 igitur
661 1727 787 1765 inesse
806 1730 989 1775 orationi,
1018 1742 1120 1778 quae
1145 1731 1363 1777 aequalium
1395 1744 1535 1778 nemo,
1567 1743 1648 1767 non
1671 1732 1815 1775 inesse,
1844 1740 1940 1776 quae
1961 1740 2005 1763 ea
2032 1728 2072 1769 11³
2100 1740 2165 1776 ΟΡ·

202 1772 434 1819 portunitate
457 1776 674 1823 aequalium
696 1778 856 1827 quisque
875 1779 1056 1826 dixisset3
1084 1781 1272 1820 contendo
1289 1781 1341 1816 ita
1358 1781 1610 1829 compositam*
1623 1793 1708 1820 esse
1723 1780 1951 1825 orationem,
1974 1785 2018 1813 ut
2036 1790 2164 1831 neque

201 1828 371 1869 tempus,
387 1835 514 1871 neque
537 1827 643 1863 locus
660 1828 780 1875 possit
800 1829 971 1878 cogitari,
993 1843 1068 1877 quo
1084 1839 1151 1866 aut
1168 1831 1300 1867 haberi
1313 1839 1378 1871 aut
1392 1832 1515 1868 audiri
1532 1832 1721 1878 potuerit3
1748 1842 1861 1878 quam
1879 1836 2007 1866 autem
2026 1840 2163 1875 aequa·

199 1870 296 1906 lium
315 1872 449 1919 aliquis
461 1875 523 1910 vel
540 1877 619 1911 stili
635 1878 834 1915 exercendi
853 1890 983 1917 caussa
995 1881 1186 1928 scripserit
1196 1882 1424 1928 orationem,
1443 1882 1496 1916 ita
1516 1889 1620 1916 certe
1627 1882 1902 1923 adornaturum
1921 1879 2049 1924 fuisse,
2065 1885 2111 1915 ,ut
2126 1877 2160 1913 si

199 1920 327 1956 minus
348 1934 418 1957 suo
438 1932 540 1960 certe
561 1926 689 1974 aliquo
710 1935 747 1963 et
764 1935 936 1977 tempore
958 1938 997 1965 et
1013 1931 1098 1975 loco
1113 1938 1241 1979 posset
1258 1931 1379 1966 videri
1403 1931 1530 1967 habita
1560 1943 1651 1967 esse.
1700 1931 1806 1966 Haec
1823 1930 1900 1964 iam
1923 1928 1990 1963 sed
2009 1929 2160 1963 inverso

201 1971 333 2006 ordine
358 1972 659 2012 demonstratum
681 1990 726 2013 eo
744 1979 903 2028 singula.
954 1981 1090 2018 Donec
1107 1981 1210 2020 ‚enim
1227 1982 1290 2015 lex
1315 1989 1396 2020 erat
1413 1982 1461 2016 de
1480 1982 1699 2021 ostracismo
1712 2007 1723 2027 ,
1747 1981 1786 2015 id
1813 1987 1870 2015 est
1893 1979 1938 2014 ab
1955 1978 2160 2013 Clisthenis

196 2020 288 2056 inde·
304 2021 556 2071 descriptione
573 2027 804 2074 reipublicae
818 2037 940 2077 usque
966 2031 1013 2065 ad
1030 2031 1295 2079 Hyperbolum
1319 2032 1414 2066 urbe
1430 2032 1616 2078 eiectum,
1641 2031 1867 2067 testuiarum
1891 2036 2083 2064 certamen
2106 2028 2160 2063 ita

197 2069 328 2106 haberi
355 2073 511 2110 solitum
530 2083 604 2121 est,
635 2084 680 2112 ut
705 2079 874 2125 primum
898 2081 1007 2127 plebs
1022 2081 1227 2127 quotannis
1248 2081 1491 2128 decerneret,
1525 2094 1570 2120 eo
1596 2094 1699 2118 anno
1720 2081 1817 2116 illud
1844 2087 2036 2115 certamen
2054 2078 2157 2113 vide·

195 2126 352 2156 returne
370 2122 441 2157 sibi
464 2135 515 2159 an
534 2137 613 2161 non
640 2127 835 2162 vider-etur
858 2129 1157 2177 instituendum,
1198 2130 1237 2166 id
1261 2132 1365 2178 quod
1385 2131 1429 2167 in
1454 2132 1577 2179 prima
1606 2132 1790 2167 concione
1813 2128 1999 2164 ordinaria
2023 2134 2155 2168 *sextae

193 2170 410 2226 pryjtaniaffi
442 2173 483 2208 id
508 2182 566 2209 est
587 2175 689 2213 inter
706 2177 961 2216 Decembrem
981 2180 1276 2227 Ianum-iamque
1306 2193 1480 2221 mensem
1532 2190 1613 2217 erat
1634 2179 1937 2223 decemendum3
1973 2178 2040 2213 ubi
2064 2188 2154 2212 vero

196 2229 241 2253 ea
256 2230 298 2253 m
314 2222 497 2276 concione
513 2225 673 2262 recitato
689 2226 806 2273 SCto,
832 2228 934 2274 quod
961 2241 1006 2264 ea
1025 2230 1072 2267 de
1090 2243 1132 2268 re
1157 2226 1255 2268 esset
1270 2232 1541 2279 perscriptum,
1566 2232 1692 2279 ¹plebis
1712 2230 1834 2265 maior
1856 2240 1944 2277 pars
1967 2238 2156 2262 manuum

192 2268 418 2326 allevatione
446 2273 616 2311 iussisset
639 2277 899 2315 ostracismum
917 2279 1070 2326 haberi,
1095 2280 1356 2328 plebisscitum
1373 2282 1505 2328 fiebat,
1528 2280 1606 2329 quo
1630 2280 1808 2324 credibile
1832 2287 1890 2323 est
1910 2286 1995 2316 tum
2019 2284 2153 2316 lemos

190 2329 293 2377 faves
317 2319 366 2355 de
386 2324 606 2361 ostracismo
624 2326 725 2362 inter
741 2340 787 2363 se
801 2328 1066 2365 decertaturos
1083 2331 1320 2381 designatos,
1356 2340 1440 2367 tum
1467 2339 1619 2380 tempus
1638 2332 1809 2367 ineundo
1831 2328 2045 2374 certamini,
2075 2326 2149 2367 nisi

190 2367 231 2403 1d
249 2368 335 2419 lege
360 2380 441 2407 erat
459 2383 646 2423 perpetua
674 2379 880 2425 sancitum,
922 2392 1006 2415 esse
1035 2382 1300 2428 constitutum,
1353 2394 1398 2417 eo
1426 2390 1556 2417 autem
1585 2391 1782 2432 tempore,
1822 2380 1925 2427 quod
1961 2386 2040 2414 erat
2064 2377 2147 2411 sive

189 2417 276 2467 lege
316 2420 396 2455 sive
422 2423 641 2471 plebisscito
669 2427 815 2464 iussum
854 2430 934 2464 sive
958 2442 1005 2464 ex
1035 2427 1327 2481 magistratuum
1353 2432 1507 2471 arbitrio
1535 2433 1802 2476 constitutum,
1839 2429 1973 2465 concio
1997 2428 2039 2462 in
2056 2427 2141 2461 foro

190 2475 321 2504 vetere
339 2469 525 2511 Ceramici
541 2469 676 2512 urbani
695 2478 994 2526 praesidentibus
1008 2492 1156 2521 *novem
1177 2483 1414 2532 praetoribus
1441 2490 1479 2519 et
1498 2490 1636 2524 senatu
1658 2483 1951 2532 quingentorum
1981 2476 2145 2513 habeba·
