2263 2788
120 168 267 203 cibiade
290 168 496 203 ostracismi
517 176 726 213 certamen,
762 169 798 202 οἱ
815 168 848 202 δ’
872 168 1182 212 ἀνταγωνιζόμενοι
1202 171 1283 213 περὶ
1302 168 1373 203 τῶν
1394 169 1518 204 ἄθλων
1541 169 1674 203 τούτων
1692 169 1795 213 ἐσμὲν
1815 170 1879 211 ἐγώ
1898 171 1955 203 καὶ
1973 169 2091 205 Ἀλκι-

121 219 243 263 βιάδης
266 221 323 253 καὶ
341 221 482 259 Νικίας,
508 215 556 252 ὤν
598 217 785 260 ἀναγκαῖον
804 218 867 254 ἕνα
889 219 932 269 τῇ
947 220 1112 266 συμφορᾷ
1130 223 1354 277 περιπεσεῖν,
1379 227 1494 267 atque
1516 221 1617 256 inter
1637 220 1848 255 Phaeacem
1869 228 1908 256 et
1923 219 2093 267 reliquos

123 270 345 304 duumviros
377 281 456 303 esse
482 270 576 303 olim
607 270 655 303 de
682 271 903 305 ostracismo
928 271 1162 317 disputatum
1193 283 1239 304 ex
1270 271 1474 305 Plutarcho
1490 271 1534 315 ²)
1570 271 1718 317 patet.“
1767 270 1858 304 Eius
1879 272 2095 319 argumenti

122 318 391 353 auctoritatem
426 318 706 353 Valckenarius
719 319 762 364 ³)
816 327 854 354 et
887 320 1137 355 Ruhnkenius
1170 320 1221 354 ita
1261 319 1525 365 elevaverunt,
1580 326 1624 355 ut
1662 319 1795 354 aliisne
1825 319 2093 366 persuaserint,

122 368 312 412 nesciam,
344 368 438 401 mihi
464 380 543 403 non
573 369 840 415 persuaserint.
902 370 1156 404 Ruhnkenius
1188 370 1310 413 enim,
1348 381 1470 415 quum
1497 380 1593 415 quos
1620 368 1844 403 Plutarchus
1870 376 2021 403 secutus
2044 368 2095 404 sit

124 424 318 461 auctores,
343 427 422 450 non
446 417 547 451 inter
568 429 610 452 se
629 419 860 452 conveniant
881 430 1009 464 neque
1034 431 1094 453 res
1121 418 1257 453 eodem
1281 418 1395 452 modo
1415 425 1610 462 narretur,
1635 418 1754 451 immo
1775 428 1870 465 vaga
1893 425 1931 452 et
1950 418 2094 452 incerta

123 466 287 500 narratio
304 466 370 509 sit,
398 477 473 510 qua
490 465 540 500 sit
557 466 802 514 neglegentia
822 479 843 501 a
858 468 1050 514 plerisque
1068 468 1201 502 tertius
1218 466 1427 501 ostracismi
1443 467 1548 513 quasi
1566 466 1719 512 quidam
1739 466 1964 512 competitor
1981 466 2094 501 omis-

124 527 206 559 sus,
234 514 366 549 eadem
387 514 600 549 Phaeacem
625 516 821 551 contendit
846 528 929 552 esse
951 529 1020 563 pro
1046 516 1242 551 Andocide
1265 516 1456 563 positum,
1485 528 1554 563 pro
1582 515 1776 550 Andocide
1799 516 1960 561 scilicet,
1986 515 2092 550 cuius

125 575 268 599 nomen
293 563 442 598 nemini
462 572 638 599 veterum
660 565 889 612 scriptorum
910 577 955 601 ea
976 566 1018 601 in
1036 577 1078 601 re
1102 572 1433 601 commemoratur.
1494 564 1758 601 Valckenarius
1788 565 1902 600 etiam
1932 564 2092 601 ulterius

124 624 346 661 progressus
372 620 457 648 tum
482 626 504 648 a
530 614 733 649 Plutarcho
763 623 878 664 negat
901 616 948 650 de
973 616 1180 650 ostracismi
1206 615 1461 662 disputatione
1482 615 1584 651 inter
1606 615 1822 650 triumviros
1851 614 1939 649 illos
1965 614 2092 650 habita

125 663 331 708 quidquam
350 662 469 707 tradi,
492 670 576 697 tum
599 663 640 697 in
667 663 782 698 huius
802 665 982 699 orationis
1001 665 1187 712 principio
1213 667 1270 697 καὶ
1285 667 1408 702 Νικίας
1425 664 1540 699 verba
1560 665 1607 699 ab
1627 664 1816 699 eruditulo
1839 663 1983 698 adiecta
1996 664 2092 708 vult,

124 723 355 758 quamquam
382 719 421 745 et
446 713 670 747 Plutarchus
689 713 727 747 id
744 714 784 748 in
802 714 877 749 vita
895 714 1095 749 Alcibiadis
1119 715 1257 749 diserte
1275 714 1409 760 tradit,
1450 714 1552 760 quod
1570 714 1667 748 tradi
1684 714 1730 748 ab
1749 725 1794 748 eo
1811 720 1943 762 negat,
1991 720 2029 747 et
2050 713 2092 747 in

122 763 194 796 hac
224 762 396 795 oratione
416 762 491 796 illis
528 763 649 797 verbis
683 764 841 798 sublatis
872 776 923 799 ne
946 772 1046 798 stare
1073 764 1228 810 quidem
1251 765 1356 798 locus
1386 771 1531 810 potest,
1565 763 1607 797 in
1625 775 1700 809 quo
1718 771 1801 797 tum
1816 776 1884 809 pro
1910 762 1973 796 ἕνα
1994 770 2093 811 esset

124 818 226 844 certe
252 811 314 843 τὸν
333 809 453 855 ἕτερον
470 812 682 846 dicendum.
735 813 809 847 Sed
830 814 1084 847 Ruhnkenius
1106 825 1260 859 quoque
1286 813 1532 846 Plutarchum
1550 823 1657 846 secus
1675 812 1885 856 intellexit,
1910 813 1973 846 hic
1989 812 2092 845 enim

122 871 201 894 non
226 859 273 894 de
301 872 457 895 numero
482 872 634 905 eorum,
667 861 769 896 inter
793 874 887 908 quos
916 863 963 897 de
986 857 1213 897 testularum
1236 862 1407 908 periculo
1431 868 1617 896 certatum
1642 861 1709 905 sit,
1736 861 1803 895 sed
1822 861 1870 896 de
1896 873 1940 895 ea
1956 873 1997 895 re
2015 872 2092 895 una

122 909 322 955 scriptores
342 910 442 943 inter
457 922 497 943 se
515 910 726 956 discrepare
750 911 860 955 dicit,
891 912 994 957 quod
1013 912 1256 958 Hyperbolus
1273 918 1316 944 ut
1338 911 1557 944 ostracismo
1577 911 1793 954 eiiceretur,
1834 911 1990 956 plurimi
2010 910 2092 954 qui-

123 957 230 1002 dem,
266 970 360 1004 quos
386 959 467 1004 ipse
491 960 663 1005 sequitur
679 960 923 1006 Plutarchus,
951 973 994 995 re
1022 972 1107 995 cum
1132 961 1257 1004 Nicia,
1293 961 1424 1007 pauci,
1457 960 1557 994 inter
1579 971 1673 1005 quos
1694 959 1980 1005 Theophrastus
2002 959 2092 993 Ere-

121 1007 219 1052 sius,
246 1019 288 1041 re
310 1019 397 1041 cum
414 1009 586 1042 Phaeace
604 1010 815 1055 composita
832 1011 1000 1044 effecisse
1015 1010 1249 1044 Alcibiadem
1275 1010 1416 1053 velint,
1449 1021 1533 1043 eam
1552 1009 1780 1043 sententiam
1800 1008 1876 1042 vita
1889 1008 2090 1042 Alcibiadis

121 1064 200 1090 tam
227 1057 428 1091 manifesto
454 1069 546 1104 prae
572 1070 612 1092 se
648 1058 740 1103 fert,
775 1066 820 1092 ut
846 1059 1009 1093 dubitari
1036 1067 1204 1106 nequeat
1237 1059 1330 1105 quin
1353 1059 1548 1093 obscurior
1574 1059 1640 1092 ille
1664 1058 1771 1092 locus
1800 1069 1846 1092 ex
1867 1058 1941 1092 vita
1960 1056 2090 1092 Niciae

119 1107 256 1140 nonin
280 1118 369 1141 eum
389 1108 547 1141 modum
572 1108 812 1154 accipiendus
840 1108 906 1153 sit,
940 1109 1047 1154 quasi
1070 1121 1161 1143 vero
1195 1109 1383 1155 „plurimi
1409 1109 1609 1154 scriptores
1620 1109 1643 1128 “
1680 1108 1827 1142 nullam
1859 1107 2016 1141 omnino
2046 1118 2090 1141 ea

118 1155 159 1189 in
175 1167 218 1189 re
236 1156 398 1190 fecerint
423 1157 601 1191 Phaeacis
629 1158 882 1201 mentionem;
915 1170 1006 1192 nam
1021 1159 1059 1192 id
1077 1159 1109 1192 si
1127 1159 1301 1203 dixisset,
1334 1158 1574 1206 „pugnantia
1594 1169 1725 1192 secum
1748 1157 1934 1191 frontibus
1958 1156 2090 1190 adver-

120 1205 169 1238 sis
179 1206 202 1226 “
232 1206 421 1251 posuisset
444 1207 666 1241 Plutarchus
682 1207 723 1241 in
747 1208 833 1241 vitis
861 1208 992 1242 Niciae
1019 1216 1058 1242 et
1088 1208 1311 1251 Alcibiadis3
1345 1208 1412 1242 sed
1433 1220 1512 1242 non
1540 1207 1687 1254 posuit,
1722 1207 1867 1241 etiamsi
1894 1218 1974 1241 non
2000 1206 2089 1250 πρὸς

115 1253 335 1297 Ἀλκιβιάδην
351 1255 592 1296 διαλεχθέντος
611 1267 687 1301 quo
708 1257 823 1290 etiarn
841 1257 881 1290 in
890 1257 1062 1291 Aristidis
1079 1258 1152 1291 vita
1179 1257 1316 1301 (c.VII)
1336 1257 1468 1300 utitur,
1484 1257 1550 1290 sed
1567 1269 1604 1290 π.
1615 1255 1661 1289 ’A.
1675 1257 1853 1299 ἐρίσαντος
1870 1255 2025 1300 scripsit.
2039 1276 2090 1284 —-

119 1304 166 1337 ΙΙ.
188 1305 363 1338 Alterum
379 1313 647 1351 argumentum
655 1305 815 1350 Taylori
830 1305 905 1339 hoc
922 1306 1003 1339 fere
1021 1313 1093 1339 est:
1115 1318 1213 1351 quae
1228 1306 1275 1339 de
1291 1317 1331 1339 se
1349 1306 1569 1351 profiteatur
1587 1305 1765 1339 orationis
1781 1311 1895 1347 actor,
1912 1303 1953 1337 in
1970 1303 2088 1337 Phae-

119 1364 229 1387 acem
249 1353 379 1387 cadere
398 1354 535 1388 omnia.
570 1354 748 1388 Redeunt
766 1355 873 1399 haec,
895 1354 927 1389 si
948 1355 1040 1400 quid
1052 1355 1180 1400 video,
1199 1355 1244 1390 ad
1259 1362 1335 1388 tres
1351 1362 1479 1398 notas;
1508 1355 1546 1399 1)
1571 1354 1739 1401 primum
1756 1353 1858 1388 enirn
1875 1352 1920 1386 ab
1938 1359 2088 1387 oratore

121 1404 423 1447 commemorari,
440 1404 569 1449 capitis
583 1415 623 1437 se
638 1405 731 1438 olim
750 1415 920 1439 caussam
937 1404 1074 1438 dixisse
1093 1412 1207 1450 atque
1224 1405 1439 1438 absolutum
1453 1415 1546 1448 esse,
1558 1404 1665 1449 duos,
1684 1404 1749 1449 qui
1760 1404 1799 1437 in
1813 1402 1944 1437 eadem
1958 1414 2088 1436 secum

120 1463 248 1490 caussa
263 1452 424 1495 fuerint,
443 1452 617 1486 dissimili
632 1453 785 1486 fortuna
800 1464 888 1486 usos
906 1454 1029 1499 capite
1047 1464 1187 1487 noxam
1202 1454 1337 1496 luisse,
1364 1453 1573 1486 Phaeacem
1591 1460 1720 1487 autem
1738 1451 1955 1495 constare4)
1985 1462 2087 1485 caus-

118 1513 197 1535 sam
212 1501 343 1546 capitis
363 1502 602 1546 ὲπαυτοφαίρῳ
620 1502 757 1536 dixisse
773 1509 811 1536 et
828 1502 1027 1537 facundiae
1042 1503 1205 1536 salutem
1222 1502 1413 1545 debuisse3
1440 1500 1494 1549 2)
1521 1502 1609 1536 dein
1629 1514 1748 1550 genus
1767 1513 1879 1536 suum
1897 1508 2088 1535 oratorem

118 1551 287 1595 dicere⁵)
306 1551 455 1586 humile
471 1553 598 1598 potius
614 1559 728 1596 atque
742 1552 914 1599 ignobile
931 1564 1044 1597 quam
1060 1552 1207 1586 illustre
1224 1563 1317 1596 esse,
1336 1552 1546 1586 Phaeacem
1563 1559 1692 1585 autem
1703 1562 1830 1596 neque
1842 1550 1956 1584 domo
1971 1550 2086 1584 fuisse

116 1600 285 1634 nobilem
303 1612 432 1646 neque
450 1601 655 1635 maioribus
676 1601 843 1645 claxum,
868 1601 987 1635 immo
1007 1602 1202 1635 hominem
1223 1601 1329 1646 quasi
1351 1612 1494 1635 novum
1522 1608 1560 1634 et
1577 1600 1788 1634 nobilitatis
1807 1610 1896 1633 suae
1916 1598 2084 1645 primum

116 1656 330 1693 auctorem3
358 1652 398 1694 3)
418 1651 584 1696 denique
600 1650 809 1697 legationes
826 1662 910 1684 suas
926 1651 1066 1684 iactare
1082 1658 1268 1684 oratorem
1280 1676 1289 1694 ,
1307 1650 1516 1684 Phaeacem
1535 1657 1665 1684 autem
1683 1661 1782 1683 anno
1800 1649 1856 1682 X⁰
1872 1649 1963 1683 belli
1977 1648 2084 1681 Pelo-

115 1699 387 1745 ponnesiorum
403 1700 571 1748 legatum
588 1711 671 1734 esse
686 1699 732 1733 ab
741 1700 1037 1734 Atheniensibus
1053 1700 1092 1734 in
1107 1700 1270 1734 Siciliam
1285 1707 1399 1745 atque
1408 1700 1555 1734 Italiam
1572 1699 1731 1734 missum
1741 1699 1796 1744 ⁶),
1814 1698 1880 1745 qui
1895 1698 2084 1732 sociorum

116 1748 263 1782 animos
286 1750 543 1792 confirmaret,
571 1750 664 1783 alios
684 1756 814 1783 contra
831 1749 1085 1794 Syracusanos
1106 1750 1278 1782 irritaret.
1331 1750 1385 1781 Ex
1403 1750 1462 1782 his
1481 1750 1600 1782 tribus
1618 1750 1717 1783 notis
1735 1749 1939 1782 secundam
1957 1754 1995 1781 et
2008 1753 2083 1780 ter-

115 1796 207 1831 tiam
224 1797 465 1848 impugnavit
484 1798 759 1832 Ruhnkenius:
783 1809 910 1844 neque
930 1798 1032 1832 enim
1051 1798 1261 1832 Phaeacem
1289 1798 1405 1831 fuisse
1431 1797 1590 1832 obscuro
1611 1809 1753 1847 genere
1774 1804 1915 1841 ortum,
1954 1805 2082 1841 neque

211 1922 253 1960 Ξ)
277 1921 370 1953 Plut.
389 1921 488 1953 Alcih.
507 1922 554 1953 13.
579 1920 712 1964 Ἀγοῖνα
733 1920 792 1973 εἶχε
814 1919 1064 1962 (Ἀλκιβιάδης)
1087 1921 1164 1960 πρός
1185 1932 1216 1952 τε
1237 1919 1293 1953 τὸν
1317 1922 1439 1952 Φαίακα
1461 1919 1516 1952 τὸν
1536 1917 1784 1961 Ἐρασιστράτου
1809 1919 1861 1950 καὶ
1890 1920 2007 1949 Νικίαν
2025 1916 2082 1949 τόν

115 1962 310 2001 Νικηράτου.
331 1979 374 1986 -
404 1961 496 1995 Ἐπεὶ
520 1962 553 1994 δὲ
567 1964 663 2003 δῆλον
683 1960 743 2004 ἦν,
769 1975 817 1994 οτι
838 1961 885 1994 {vl
908 1964 971 1993 τῶν
988 1964 1085 2003 τριοῖν
1105 1960 1139 1993 τὸ
1157 1958 1310 2001 ὄστρακον
1330 1962 1506 2000 ἐποίσουσι,
1526 1959 1681 2002 συνήγαγε
1699 1959 1756 1998 τὰς
1774 1958 1893 1995 στάσεις
1911 1955 1991 1999 πρὸς
2007 1955 2081 1989 ταῦ-

111 2001 168 2032 τὸν
188 2000 205 2033 ὁ
225 2001 427 2042 Ἀλκιβιάδης
450 2005 503 2035 καὶ
529 2004 700 2043 διαλεχθεὶς
721 2003 800 2042 πρὸς
819 2001 875 2034 τὸν
897 2004 1014 2033 Νικίαν
1034 2000 1113 2032 κατὰ
1133 2005 1190 2032 τοῦ
1203 2000 1398 2040 ’Ἰὸτερβόλου
1424 1999 1483 2041 τήν
1507 1998 1758 2051 ὀστρακοφορίαν
1783 2000 1937 2047 {temper-¹
1959 1996 2024 2034 Ὠς
2047 1997 2081 2029 δ’

110 2041 193 2073 ἔνιοί
210 2051 323 2080 φασιν,
341 2041 381 2074 οὗ
398 2042 477 2083 πρὸς
494 2045 609 2074 Νικίαν
623 2042 699 2074 ἀλλὰ
713 2042 792 2082 πρὸς
811 2042 937 2074 Φαίακα
951 2042 1121 2081 διαλεχθεὶς
1135 2042 1186 2072 καὶ
1205 2038 1262 2079 τήν
1277 2042 1396 2073 ἐκείνου
1415 2042 1596 2082 προςλαβων
1613 2041 1749 2080 ἑταιρίαν
1766 2038 1890 2078 ίξήλασε
1903 2036 2083 2078 tov‘Ym‘Q-

111 2081 226 2120 βολον,
246 2080 316 2112 οὐδ’
338 2080 378 2113 ἂν
400 2083 450 2120 (1.
477 2082 585 2119 οὐδὲν)
600 2082 866 2123 προςδοκήσαντα.
914 2079 970 2111 Id.
988 2080 1055 2110 Nic.
1077 2080 1124 2110 ll.
1144 2079 1366 2121 Ἀκμαζούσης
1389 2084 1444 2121 τῆς
1472 2081 1550 2121 πρὸς
1575 2079 1631 2112 τὸν
1655 2082 1772 2112 Νικίαν
1800 2081 1858 2111 τοῦ
1875 2076 2080 2118 Ἀλκιβιάδου

109 2121 267 2161 διαφορᾶς
293 2121 345 2152 καὶ
370 2123 555 2162 γιγνομένης
579 2120 828 2162 ὄστρακοφορίας
855 2136 898 2143 -
924 2120 1024 2157 πολύς
1045 2120 1188 2160 θόρυβος
1218 2117 1413 2159 ἀμφοτέρους
1439 2123 1612 2161 περιΐστατο
1633 2120 1686 2152 καὶ
1705 2121 1852 2155 κίνδυνος
1876 2116 1920 2153 ὥς
1945 2117 2080 2167 θατέρου

108 2157 234 2198 πάντως
250 2160 508 2201 ὑποπεσουμένου
524 2165 568 2203 τςιῖ
584 2160 781 2203 ὀστρακισμοῖ
798 2177 841 2185 -·
856 2158 1053 2201 ’Ίᾶτέρβολος
1070 2175 1113 2182 -
1132 2157 1314 2200 καταφανὴς
1331 2159 1374 2199 ἦν
1395 2158 1550 2200 ἡδόμενός
1564 2173 1595 2192 τε
1612 2163 1651 2199 τῆ
1664 2162 1802 2199 διαφορᾷ
1820 2157 1873 2189 καὶ
1893 2159 2081 2198 παροξυνων

107 2198 166 2230 τὸν
189 2203 291 2239 δῆμον
311 2201 360 2232 ἐπ’
388 2200 595 2242 ἀμφοτέρους.
627 2194 804 2238 συνιδόντες
823 2198 883 2233 οὖν
904 2199 964 2246 τήν
985 2201 1165 2241 μοχθηρίαν
1184 2202 1218 2232 οἷ
1241 2202 1312 2241 περὶ
1331 2198 1385 2233 τὸν
1401 2203 1516 2233 Νικίαν
1538 2201 1589 2231 καὶ
1610 2191 1666 2233 niv
1679 2198 1886 2239 Ἀλκιβιάδην
1900 2198 1964 2246 ’,καὶ
1984 2194 2080 2239 λόγον

106 2239 216 2277 δόντες
232 2238 376 2280 ἀλλήλοις
394 2238 501 2281 κρύφα
519 2243 570 2273 καὶ
589 2240 643 2279 τοὶς
665 2239 785 2278 στάσεις
807 2251 1035 2282 συναγαγοντες
1052 2241 1096 2276 εἰς
1111 2241 1148 2271 ἓν
1171 2239 1349 2280 ἀμφοτέρας
1367 2242 1420 2273 καὶ
1445 2238 1648 2280 ἀναμίξαντες
1672 2239 1861 2280 ἐκράτησαν,
1890 2249 1965 2274 ωςτε
1987 2236 2079 2277 μηδέ-

107 2291 200 2320 τερον
222 2278 329 2312 αὐτοῖν
350 2279 427 2314 ἀλλὰ
449 2281 505 2314 τὸν
521 2279 718 2321 ’Τπέρβολον
739 2282 1028 2321 ἐξοστρακισθῆναι.
1049 2295 1093 2304 —
1119 2277 1186 2312 Οὔκ
1208 2279 1314 2320 &yvoni
1334 2278 1380 2318 δ’,
1410 2278 1458 2313 ὅτι
1478 2279 1679 2322 Θεόφραστος
1701 2278 1979 2320 ἐξοστρακισθῆναί
2047 2287 2078 2310 σι

103 2318 162 2351 τόν
177 2317 374 2359 ρ’Ῑὶντέζιβολον
398 2323 539 2358 Φαίακος
560 2320 598 2352 οὔ
617 2324 734 2354 Νικίου
755 2319 837 2362 πρός
857 2318 1065 2361 Ἀλκιβιάδην
1090 2321 1320 2358 ἐρίσαντος,
1346 2318 1409 2352 ἀλλ’
1431 2322 1465 2353 οἱ
1484 2324 1621 2358 πλείονες
1642 2320 1724 2354 οὕτω
1749 2318 1949 2360 γενρᾶφασίν·
1971 2316 2000 2346 T
2023 2326 2076 2346 ⁶⁰·

129 2359 229 2389 lii-asti
246 2358 347 2388 lotum
362 2359 392 2388 in
406 2361 483 2390 libro
502 2362 539 2390 de
554 2360 673 2397 legibus
693 2361 839 2396 infuisse,
915 2360 985 2390 havi
1001 2360 1033 2389 in
1046 2359 1297 2389 commentatione
1314 2360 1352 2389 de
1370 2361 1540 2391 ostracism.
1554 2360 1584 2399 §.
1595 2361 1612 2390 1
1626 2366 1687 2391 not.
1701 2361 1731 2390 5.
1795 2359 1827 2395 ³)
1846 2354 1880 2387 V
1878 2355 2010 2386 alchu.
2025 2365 2075 2394 ap.

105 2368 246 2430 gluo’ter.
270 2397 357 2430 Levt.
379 2399 523 2431 Andocid.
548 2410 576 2439 p.
596 2400 632 2430 17
658 2410 722 2439 sqq.
749 2397 854 2430 Ruhn
878 2409 932 2431 en.
954 2398 1026 2430 hist.
1048 2409 1091 2429 cr.
1116 2403 1191 2429 orat.
1216 2408 1320 2438 graec.
1339 2408 1369 2438 p-
1389 2398 1449 2430 135
1466 2398 1504 2431 R.
1591 2399 1631 2439 ⁴)
1653 2395 1834 2438 Aristoph.
1857 2394 1916 2435 Eq.
1942 2393 2022 2426 1374
2047 2404 2073 2426 c-

106 2437 203 2468 schol.
289 2439 318 2476 ⁵)
340 2439 370 2479 §.
385 2438 436 2470 34.
539 2441 570 2478 ⁶)
594 2438 699 2470 Thuc.
724 2439 768 2477 V,
788 2439 819 2469 4.
