2263 2788
210 116 2147 167 ἓξὲξ-ἓξ

525 325 1159 407 ϋΝινΕΒεῐτἈΤὶε
1218 354 1842 405 rainnmcuNAn

935 470 965 505 P
989 471 1026 505 R
1051 470 1083 506 Ο
1110 469 1145 505 R
1168 470 1199 506 E
1225 468 1255 503 C
1283 467 1318 504 T
1344 468 1377 504 0
1403 468 1440 503 R.

234 573 441 632 ERN.
496 570 929 629 ADOLPH.
982 568 1485 625 THEODOR.
1539 548 2149 634 LASPEYRES

1121 692 1256 725 ctJM

705 757 1330 860 mazeroliis-1²:⁹15
1369 788 1679 837 SENATU

1140 900 1174 931 S.
1215 899 1253 931 D.

901 994 1242 1032 CIVIBUS
1315 994 1503 1031 SUIS.

218 1288 383 1345 Contra
390 1310 622 1346 Alcibiadem
635 1322 733 1358 quae
747 1316 804 1344 est
818 1308 959 1354 oratio,
982 1317 1067 1342 eam
1075 1308 1155 1342 Ioh.
1169 1308 1365 1354 Taylorus
1381 1308 1420 1354 ¹)
1447 1308 1567 1344 tribus
1585 1309 1817 1359 argumentis
1827 1321 1918 1346 usus
1934 1319 1992 1347 est
2005 1320 2047 1348 ut
2055 1314 2180 1351 Ando-

221 1361 296 1397 cidi
313 1361 497 1410 eriperet,
523 1362 643 1397 tribus
662 1369 706 1398 ut
721 1361 778 1397 illi
797 1367 964 1407 ereptam
981 1358 1142 1394 Phaeaci
1157 1359 1305 1393 cuidam
1319 1359 1529 1394 Erasistrati
1546 1360 1625 1396 filio
1642 1360 1859 1397 vindicaret.
1913 1363 2040 1409 Atque
2057 1377 2103 1400 ex
2120 1367 2183 1401 tri-

222 1412 291 1446 bus
315 1412 572 1458 superioribus
589 1411 820 1461 argumentis
835 1410 932 1444 illud
950 1420 1073 1443 unum
1089 1408 1171 1455 ipse
1191 1408 1232 1442 in
1251 1408 1460 1443 subsidium
1478 1411 1630 1456 vocavi,
1655 1410 1759 1456 quod
1777 1411 2010 1457 Andocidem
2028 1417 2180 1464 negavit

222 1473 308 1497 cum
325 1462 517 1497 Alcibiade
543 1469 582 1497 et
597 1463 703 1498 Nicia
725 1471 910 1507 umquam
933 1459 981 1493 de
1004 1458 1220 1493 ostracismo
1246 1458 1476 1503 decertasse5
1510 1460 1659 1495 duobus
1683 1460 1839 1507 reliquis
1863 1462 2045 1509 abstinui,
2079 1467 2183 1512 quod

221 1512 383 1547 alterum
408 1524 486 1547 non
511 1524 666 1558 verum,
702 1512 863 1547 alterum
894 1517 974 1547 non
996 1509 1180 1544 idoneum
1208 1515 1307 1543 esset
1336 1508 1382 1544 ad
1408 1509 1656 1547 obtinendum
1686 1510 1726 1545 id
1752 1511 1854 1557 quod
1881 1512 2013 1560 agitur.
2067 1516 2181 1561 Quod

222 1561 324 1595 enim
353 1561 398 1595 ab
424 1561 602 1595 orationis
630 1569 755 1596 actore
778 1559 981 1596 memorari
1005 1559 1095 1592 dicit
1114 1558 1228 1592 domo
1253 1570 1294 1592 se
1317 1558 1454 1592 humili
1475 1561 1604 1604 potius
1631 1571 1747 1604 quam
1767 1561 1904 1594 illustri
1928 1573 2027 1606 esse,
2054 1565 2182 1598 Ando-

223 1609 297 1645 cidi
310 1617 461 1655 autem‚
482 1610 624 1657 quippe
648 1610 715 1656 qui
734 1608 781 1644 ad
795 1607 1031 1644 Mercurium
1054 1606 1227 1641 retulerit
1243 1606 1364 1655 gentis
1386 1607 1591 1656 originem,
1616 1620 1804 1644 summam
1830 1609 2123 1659 religiosamque
2144 1623 2182 1649 et

221 1661 338 1695 fuisse
361 1661 509 1707 generis
533 1660 797 1705 antiquitatem
826 1666 865 1692 et
885 1657 1014 1692 iactari
1039 1657 1146 1701 alias,
1171 1657 1210 1692 id
1235 1668 1325 1691 sane
1353 1659 1494 1692 faceret
1517 1670 1597 1693 non
1620 1659 1864 1694 mediocriter
1885 1660 1931 1694 ad
1951 1663 2181 1706 persuaden-

223 1709 333 1754 dum,
360 1709 392 1743 si
414 1715 512 1744 esset
532 1720 685 1753 verum3
712 1708 777 1744 sed
798 1718 878 1742 non
897 1713 954 1742 est
970 1716 1122 1751 verum,
1148 1716 1274 1752 neque
1294 1706 1335 1740 in
1355 1707 1427 1741 hac
1445 1708 1617 1742 oratione
1636 1715 1977 1754 commemoratur,
2002 1711 2104 1758 quod
2127 1712 2181 1747 di-

223 1759 320 1794 citur
343 1759 651 1804 commemorari,
677 1759 743 1794 sed
770 1757 867 1793 illud
895 1765 1044 1793 tantum
1070 1755 1264 1791 contendit
1289 1764 1429 1803 orator,
1455 1769 1577 1806 genus
1600 1758 1632 1793 si
1654 1766 1866 1805 spectetur,
1889 1759 2009 1795 videri
2032 1764 2181 1797 ostraci-

223 1820 349 1842 smum
370 1809 412 1842 in
430 1808 663 1843 Alcibiadem
696 1808 915 1851 convenire,
944 1807 1049 1840 euius
1071 1806 1232 1839 maiores
1264 1807 1351 1852 plus
1384 1808 1504 1840 semel
1532 1808 1741 1841 ostracismi
1765 1819 1893 1842 caussa
1915 1809 2041 1844 solum
2058 1818 2179 1845 verte-

224 1858 319 1902 rint,
348 1858 389 1891 in
412 1869 452 1891 se
474 1869 554 1891 non
576 1858 794 1902 convenire,
821 1857 926 1891 cuius
948 1868 995 1890 ex
1012 1855 1216 1889 maioribus
1238 1866 1353 1890 nemo
1372 1856 1421 1889 sit
1441 1857 1702 1891 ostracismum
1722 1869 1864 1903 passus.
1918 1858 2030 1904 Quod
2051 1868 2181 1895 autem

224 1907 325 1953 apud
341 1906 492 1953 Lysiam
509 1907 651 1941 narrari
668 1907 774 1951 dicit,
794 1917 875 1941 esse
893 1906 938 1940 ab
949 1904 1141 1940 Andocide
1159 1905 1316 1949 privato
1332 1904 1516 1951 Siciliam,
1538 1907 1706 1952 Italiam,
1721 1907 2023 1954 Peloponnesum
2034 1935 2045 1954 ,
2062 1910 2183 1944 Thes-

226 1956 373 1999 saliam,
404 1956 719 2002 Hellespontum,
753 1956 917 2000 Ioniam,
946 1954 1115 2000 Cyprum
1141 1961 1373 2001 peragratas,
1400 1955 1446 1988 ab
1469 1955 1544 1989 hoc
1569 1968 1661 1989 vero
1686 1964 1837 1990 oratore
1867 1958 2076 2001 legationes
2100 1970 2181 1993 me-

226 2004 367 2039 morari
387 2005 432 2040 ab
451 2016 492 2038 se
512 2005 553 2039 in
566 2004 778 2049 Thessalia,
802 2001 1048 2048 Macedonia,
1071 2003 1276 2047 Molossia,
1303 2003 1548 2049 Thesprotia,
1573 2005 1680 2039 Italia
1698 2013 1736 2039 et
1750 2005 1875 2040 Sicilia
1893 2007 2084 2052 praeclare
2102 2009 2183 2042 obi-

227 2062 303 2099 tas,
324 2054 362 2089 id
382 2066 515 2089 verum
538 2054 693 2101 quidem
717 2061 790 2098 est,
813 2053 880 2088 sed
907 2065 995 2088 cum
1020 2053 1086 2099 qui
1102 2052 1183 2086 alio
1213 2059 1387 2100 tempore
1407 2053 1573 2100 privatus
1596 2061 1652 2088 est
1675 2055 1766 2089 illuc
1790 2056 2001 2102 profectus,
2030 2068 2182 2092 caussae

228 2104 325 2138 nihil
355 2104 418 2149 sit,
457 2105 549 2149 quin
572 2104 675 2138 idem
701 2104 870 2150 potuerit
893 2104 982 2137 alias
1003 2103 1138 2136 eodem
1157 2103 1303 2150 legatus
1322 2103 1397 2146 ire,
1422 2104 1565 2137 nullam
1592 2104 1706 2138 habet
1725 2104 1976 2151 persuadendi
1993 2107 2078 2139 vim.
2125 2107 2181 2141 Ea

227 2160 356 2201 autem
373 2159 615 2202 argumenta,
640 2165 708 2201 per
726 2164 822 2199 quae
845 2152 993 2186 efficere
1020 2158 1177 2186 conatur
1198 2162 1278 2185 esse
1302 2162 1387 2185 eam
1405 2152 1616 2187 orationem
1638 2153 1684 2187 ad
1700 2152 1909 2188 Phaeacem
1929 2154 2179 2201 referendam,

227 2202 261 2238 si
282 2202 343 2237 vel
363 2203 529 2241 maxime
545 2214 632 2237 vera
657 2210 783 2238 essent
802 2202 948 2247 omnia,
973 2213 1023 2236 ne
1044 2209 1128 2236 tum
1155 2201 1309 2247 quidem
1332 2201 1428 2235 illud
1450 2202 1673 2248 probarent,
1697 2203 1799 2249 quod
1819 2204 1971 2251 probari
1989 2204 2082 2240 vult.
2116 2207 2181 2241 At·

227 2256 357 2289 tamen
375 2264 513 2299 operae
533 2253 700 2299 pretium
725 2260 782 2287 est
805 2253 918 2286 etiam
939 2252 1033 2285 haec
1056 2251 1273 2300 singulatim
1296 2250 1480 2297 dispicere
1503 2260 1542 2286 et
1564 2252 1661 2286 iusta
1684 2251 1826 2287 trutina
1845 2254 1992 2288 librare.
2045 2255 2181 2300 Taylo·

230 2313 294 2337 rus
315 2302 431 2352 igitur
451 2302 638 2350 primurn,
664 2304 797 2351 „ipso,
820 2302 962 2349 inquit,
988 2301 1168 2336 orationis
1185 2300 1292 2335 initio
1314 2307 1417 2336 actor
1437 2301 1509 2336 sibi
1532 2301 1716 2351 significat
1735 2314 1815 2338 esse
1834 2314 1921 2338 cum
1938 2304 2043 2339 Nicia
2064 2311 2103 2338 et
2119 2305 2182 2339 Al-

316 2416 351 2455 ¹)
374 2416 509 2448 Lectica.
532 2416 655 2458 Lysiae.
677 2426 705 2457 p.
722 2417 783 2448 265
797 2423 863 2457 sqq.
881 2416 989 2447 Reisk,
1760 2455 1800 2496 [l
1820 2456 1865 2498 ᾳ]
