2263 2788
986 75 1072 84 —·
1123 70 1199 92 Vlu
1251 78 1336 86 ·—

172 143 259 183 tur,
284 142 400 184 atque
426 136 468 172 in
483 147 526 171 ea
547 134 729 170 concione
747 134 913 183 populus
932 134 986 170 ita
1007 133 1194 177 tributim,
1207 135 1382 185 suffragia
1405 136 1570 183 ferebat,
1603 144 1648 173 ut
1667 137 1776 174 cuius'
1791 149 1934 176 nomen
1959 149 2005 173 ex
2022 142 2142 177 ternis

174 187 253 222 illis
270 187 472 235 designatis
496 198 575 220 non
589 186 759 220 tribuum
779 186 846 220 sed
865 186 1003 220 civium
1021 185 1142 220 maior
1159 198 1244 232 pars
1270 199 1390 233 eaque
1409 199 1488 222 non
1505 189 1603 223 infra
1619 200 1684 223 sex
1700 189 1821 223 millia
1837 190 1878 225 in
1893 189 2040 224 testulis
2053 191 2142 224 scri-

175 238 333 284 psisset,
357 237 389 271 is
402 247 493 270 voce
509 236 706 282 praeconis
723 235 906 270 excedere
922 235 1021 269 intra
1038 235 1228 269 decimum
1245 236 1346 271 diem
1370 237 1464 271 urbe
1483 244 1522 271 et
1535 238 1625 272 olim
1648 250 1719 284 per
1743 238 1895 283 decem,
1921 246 2051 285 postea
2072 250 2142 285 per

178 287 349 333 quinque
381 297 498 320 annos
528 286 726 320 continuos
758 297 884 320 carere
911 284 1061 319 civitate
1088 285 1303 328 iuberetur;
1342 287 1448 321 annis
1475 287 1577 321 enim
1606 288 1763 335 singulis
1793 288 1963 335 singulos
1990 295 2144 322 tantum

176 336 315 371 licebat
331 342 514 370 testarum
538 335 693 369 nomine
709 336 804 369 urbe
821 335 956 369 eiicere
965 335 994 355 ¹¹
1003 335 1029 378 ).
1082 334 1193 369 Haec.
1206 346 1324 380 quum
1345 337 1396 370 ita
1415 337 1509 382 sint,
1535 337 1574 371 in
1590 349 1752 382 quanam
1771 337 1953 372 concione
1972 337 2026 371 vis
2043 336 2142 371 hanc

178 392 310 420 contra
326 384 557 419 Alcibiadem
579 385 791 419 orationem
811 396 893 419 esse
908 384 1104 419 habitam?
1144 397 1240 431 quae
1258 385 1289 419 si
1308 386 1448 420 non'in
1472 387 1655 421 concione
1675 393 1733 421 est
1758 386 1903 430 habita,
1945 397 2142 431 nunquam

179 443 238 470 est
255 435 390 469 habita.
442 434 488 468 In
505 434 679 481 primane
697 435 884 469 ordinaria
908 441 1035 468 sextae
1051 435 1271 480 prytaniae?
1302 442 1340 469 at
1357 435 1483 481 ipsum
1503 436 1682 470 orationis
1697 436 1848 470 initium
1870 435 1979 470 docet
1995 436 2141 470 iussum

175 485 254 520 iam
277 483 540 519 ostracismum
562 484 708 529 haberi,
735 484 950 532 designatos
973 484 1049 518 iam
1078 495 1159 517 esse
1175 484 1276 518 inter
1301 496 1394 530 quos
1415 492 1619 520 certaretur
1638 485 1684 519 de
1708 485 1937 519 ostracismo.
1988 486 2047 519 An
2072 484 2141 531 igi-

176 542 241 569 tur
255 534 294 568 in
315 545 358 568 ea
375 533 455 580 ipsa
476 534 661 568 concione
674 546 747 580 qua
763 534 980 568 institutum
998 540 1054 567 est
1072 534 1290 568 certamen?
1319 534 1490 569 crederes
1505 535 1543 569 id
1562 543 1715 582 propter
1732 547 1774 569 ea
1785 546 1881 580 quae
1897 533 1931 581 ξ.
1944 536 1978 570 5.
1999 541 2142 568 extant:

176 584 275 628 οἶμαι
298 584 336 617 δὲ
363 586 420 617 καὶ
439 585 520 622 τούς
542 585 664 627 φίλους
685 580 782 627 ὖμῶν
810 584 855 617 ἐν
880 584 1018 631 ταύτῃ
1046 583 1198 626 μάλιστα
1225 583 1276 632 τῇ
1301 581 1440 628 ἡμέρᾳ
1472 586 1664 619 λυπεῖσθαι
1687 588 1743 619 καὶ
1767 586 1846 623 ends·
1869 584 2015 628 ὲχθρούς
2037 582 2140 626 ἥδεσ-

176 638 253 669 θαι.
275 635 417 668 Verum
437 635 530 668 haec
549 635 680 669 concio
697 635 737 669 in
760 635 843 669 soro
862 634 1090 678 habebatur,
1113 634 1153 668 in
1169 646 1244 680 quo
1258 646 1384 681 neque
1400 643 1600 684 suggestus
1624 636 1696 671 fuit
1714 636 1792 671 sive
1811 634 1903 679 βῆμα
1922 635 2061 669 oratori
2075 645 2142 668 ne-

176 697 252 732 que
270 684 401 718 sedilia
417 684 660 729 auditoribus,
677 691 818 719 stantes
830 696 919 719 vero
931 683 1328 719 audiveruntRornani
1345 685 1456 729 cives,
1473 697 1552 719 non
1565 686 1790 721 audiverunt
1802 686 2035 721 Graecorum
2053 694 2145 718 con-

179 735 325 777 ciones,
345 745 395 768 ne
411 733 586 769 heroicae
602 734 756 780 quidem
773 734 905 768 aetatis
926 733 1115 778 ἀγορᾶ,“)
1140 734 1357 779 fortassefl)
1377 747 1427 768 ne
1437 734 1708 781 Spartanorum
1718 736 1871 782 quidem
1887 731 1981 775 ἁλία,
1998 734 2143 770 nedum

177 784 448 828 Athenienses,
474 783 574 830 apud
594 795 687 830 quos
706 791 892 829 quantum
910 783 1112 817 invaluerit
1130 794 1214 817 mos
1234 789 1278 817 u't
1293 783 1429 818 sedens
1448 784 1594 818 audiret
1612 783 1745 819 concio
1768 792 1806 819 et
1821 785 2022 829 iudicium,
2046 782 2144 817 illud

179 833 411 869 documento
433 840 506 878 est,
534 833 637 880 quod
653 833 792 868 totiens
811 834 935 869 solum
955 833 990 868 οἱ
1004 834 1198 878 καθήμενοι
1213 834 1258 879 ¹⁴)
1280 832 1327 868 de
1346 833 1525 869 concione
1543 840 1608 868 aut
1627 833 1673 869 de
1690 833 1830 870 iudicio
1846 834 1991 871 dicitur.
2017 833 2144 879 Atque

180 883 306 919 eidem
328 884 503 917 concioni
523 896 572 917 ne
592 891 741 929 tempus
765 885 918 929 quidem
941 884 1057 918 fuisse
1075 885 1227 918 videtur
1249 884 1435 918 orationes
1458 884 1655 928 audiendi,
1682 896 1870 932 ponamus
1891 885 1994 921 enim
2005 883 2145 917 civium'

179 932 343 979 amplius
371 944 437 966 sex
463 932 583 966 millia
601 940 717 967 testas
741 944 818 967 non
842 933 884 967 in
898 944 1013 967 unam
1032 933 1187 979 quidem
1203 933 1332 966 cistam
1354 940 1508 968 cunctos
1525 933 1658 967 iecisse
1684 934 1796 978 (nam
1818 940 1900 967 tum
1922 931 2144 978 ὃᾳτρακοφο-

180 985 239 1028 ρίςι
254 994 303 1016 ne
321 988 397 1016 tres
413 982 566 1028 quidem
586 982 664 1018 dies
684 982 930 1028 suffecerint),
943 983 1009 1018 sed
1026 983 1181 1032 singulis
1194 982 1365 1017 tribubus
1382 994 1467 1018 suas
1484 983 1600 1018 fuisse
1619 983 1738 1028 cistas,
1754 990 1798 1018 ut
1809 982 1896 1018 deni
1911 983 2026 1018 simul
2045 982 2145 1017 cives

179 1032 375 1078 potuerint
391 1032 568 1079 suffragia
587 1033 707 1074 ferre,
737 1032 815 1066 dies
834 1040 965 1066 tamen
984 1040 1070 1066 octo
1087 1033 1146 1065 vel
1166 1033 1296 1067 decem
1320 1033 1502 1066 horarum
1520 1034 1625 1066 nullo
1643 1033 1759 1066 modo
1779 1033 1891 1066 etiam
1912 1031 2144 1066 orationibus

179 1080 361 1117 habendis
384 1081 596 1126 sufficeret3
623 1093 713 1116 nam
732 1093 777 1116 eo
799 1081 859 1116 die
876 1081 1033 1130 singulis
1054 1081 1226 1117 tribubus
1246 1082 1547 1118 conveniendum
1572 1090 1650 1117 erat
1673 1082 1714 1117 in
1740 1094 1806 1117 sua
1833 1080 2077 1117 conciliabula
2098 1079 2147 1115 si-

180 1144 227 1166 ve
252 1130 462 1175 droedgst),
502 1131 591 1165 hinc
615 1132 789 1165 tribubus
814 1132 971 1179 singulis
999 1132 1218 1180 singulatim
1239 1132 1336 1165 intra
1357 1140 1461 1179 septa
1488 1133 1561 1166 fori
1587 1132 1893 1179 procedendum,
1931 1132 1975 1166 ab
2001 1127 2150 1165 tribuli-

180 1183 269 1227 bus,
293 1189 337 1215 ut
355 1181 561 1215 minimum
577 1193 781 1215 numerum
800 1192 961 1227 ponam,
988 1181 1245 1226 sexcentenis,
1266 1189 1383 1216 testae
1398 1182 1615 1230 singulatim
1634 1182 1892 1216 inscribendae
1912 1182 2031 1226 (inter
2051 1190 2147 1225 quos

181 1243 261 1266 non
282 1231 394 1277 pauci
411 1230 624 1264 litterarum
648 1230 761 1264 rudes
785 1230 1050 1276 scribendique
1078 1238 1251 1276 expertes
1274 1231 1436 1275 fuerint,
1470 1231 1536 1277 qui
1561 1231 1747 1265 debebant
1770 1231 1927 1265 nomina
1956 1242 2025 1277 per
2054 1229 2146 1263 alios

181 1280 378 1316 scribenda
396 1280 548 1324 curare)
574 1280 779 1327 inscriptae
801 1287 921 1315 testae
937 1280 1115 1315 ferendae
1132 1281 1173 1314 in
1193 1281 1322 1326 cistas,
1350 1280 1462 1316 cistae
1487 1280 1732 1329 aperiendae,
1759 1288 1877 1316 testae
1901 1278 2145 1324 dirimendae,

183 1331 350 1377 denique
364 1330 631 1365 describendae
650 1338 688 1365 et
708 1330 814 1365 cuius
830 1342 974 1365 nomen
995 1331 1116 1365 maior
1135 1331 1275 1365 civium
1292 1343 1377 1377 pars
1396 1331 1437 1365 in
1459 1331 1563 1365 testis
1582 1332 1868 1378 scripsisset,¹⁶)
1897 1332 1932 1366 ei
1952 1343 2021 1377 per
2041 1341 2148 1377 prae-

184 1392 317 1416 conem
344 1379 589 1414 indicendum
632 1387 676 1414 ut
699 1380 792 1414 urbe
827 1380 1037 1415 excederet.
1121 1381 1188 1424 At,
1234 1381 1378 1426 inquit,
1425 1389 1502 1414 tres
1540 1380 1673 1415 breves
1713 1381 1903 1415 orationes
1941 1392 2020 1414 non
2050 1379 2149 1413 mul-

184 1439 268 1466 tum
291 1429 475 1477 temporis
506 1429 671 1478 exigunt.
732 1430 878 1464 Verum
901 1437 1028 1465 orator
1047 1441 1278 1476 quamquam
1301 1429 1335 1477 ξ.
1355 1432 1415 1466 2⁵.
1433 1430 1667 1466 Alcibiadem
1694 1431 1861 1466 indicare
1883 1430 2031 1465 videtur
2054 1440 2149 1463 non-

186 1481 276 1515 dum
295 1480 432 1514 dixisse
452 1479 519 1513 sed
543 1480 733 1513 dicturum
759 1491 842 1513 esse
868 1491 1038 1514 caussam
1078 1476 1240 1523 (ἦγοῦμαι
1263 1479 1293 1512 δ’
1317 1479 1424 1513 αὐτὸν
1445 1481 1533 1523 πρὸς
1564 1480 1667 1513 τοῦτο
1696 1483 1758 1522 μὲν
1784 1479 1882 1514 οὐδὲν
1913 1479 2150 1523 ἀντερεῖν,

185 1530 330 1567 λέξειν
354 1528 392 1561 δὲ
413 1531 494 1572 περὶ
514 1527 571 1571 τῆς
596 1531 688 1572 νίκης
713 1527 771 1571 τῆς
783 1527 1008 1571 Ὀλυμπίασι,
1042 1532 1098 1561 καὶ
1125 1532 1205 1574 περὶ
1230 1530 1372 1563 πάντων
1399 1528 1530 1572 μᾶλλον
1554 1527 1574 1573 ἢ
1598 1529 1667 1563 τῶν
1696 1531 1998 1575 κατηγορηθέντων
2030 1527 2148 1562 ἄπο-

189 1581 495 1623 aomo-ecam,
515 1579 582 1613 ubi
594 1580 710 1613 velim
726 1579 897 1613 advertas
918 1579 965 1613 ad
978 1580 1354 1626 futurumtempus),
1371 1587 1499 1613 tamen
1517 1579 1551 1626 ς.
1570 1582 1604 1616 8.
1622 1581 1669 1615 de
1688 1581 1764 1614 suis
1782 1580 2054 1615 accusatoribus
2068 1578 2152 1625 plu·

186 1630 257 1664 rali
271 1640 431 1664 numero
448 1629 618 1674 loquitur
634 1629 788 1673 (εἰκότως
804 1626 848 1661 ἄν
869 1627 940 1661 ταῖν
963 1641 982 1661 κ
993 1641 1101 1672 ατηγ
1114 1642 1132 1662 o
1143 1642 1162 1674 ρ
1172 1630 1222 1662 οὐ
1231 1641 1251 1662 ν
1262 1641 1281 1662 τ
1292 1641 1317 1662 ω
1328 1641 1348 1661 ν
1371 1628 1562 1673 ἠκροᾶσθε)
1575 1654 1585 1670 ,
1613 1637 1656 1664 ut
1673 1636 1824 1677 praeter
1842 1637 1917 1663 tres
1936 1629 2021 1662 illos
2036 1635 2151 1662 ostra-

189 1679 298 1715 cismi
319 1678 586 1726 competitores
610 1678 672 1713 alii
694 1679 807 1714 etiam
826 1678 868 1714 in
886 1690 929 1714 ea
952 1679 1132 1714 concione
1148 1679 1263 1714 verba
1284 1680 1444 1714 fecerint
1460 1691 1614 1715 necesse
1635 1680 1700 1725 sit,
1729 1679 1761 1714 si
1776 1679 1866 1715 huic
1889 1678 2030 1714 oratori
2057 1676 2149 1712 fides

189 1738 258 1765 est.
284 1752 334 1759 —-
385 1729 559 1773 Accedit,
595 1730 695 1775 quod
723 1730 755 1764 si
777 1730 817 1763 in
842 1730 914 1765 hac
941 1730 1123 1764 concione
1145 1730 1273 1764 habita
1305 1737 1402 1764 esset
1427 1730 1567 1775 oratio,
1604 1731 1666 1764 vix
1687 1731 1794 1764 locus
1816 1731 1947 1764 fuisset
1969 1726 2152 1763 Alcibiadi

188 1780 336 1816 Niciam
356 1786 393 1813 et
412 1779 624 1813 Phaeacem
648 1779 700 1813 ita
719 1779 761 1813 in
781 1790 867 1813 suas
884 1786 1010 1826 partes
1029 1779 1205 1813 trahendi
1221 1787 1265 1813 ut
1283 1779 1550 1814 imminentem
1570 1780 1641 1814 sibi
1662 1780 1924 1814 ostracismum
1944 1776 2153 1813 coniunctis

190 1829 322 1864 studiis
338 1829 378 1863 in
396 1828 662 1877 Hyperbolum
681 1829 936 1864 deflecterent.
962 1851 1014 1858 —
1064 1830 1276 1876 Reliquum
1296 1837 1370 1874 est,
1394 1837 1438 1863 ut
1460 1830 1671 1864 orationem
1695 1830 1863 1864 habitam
1884 1829 1982 1863 dicas
2001 1838 2076 1862 una
2095 1837 2153 1861 ea-

270 1950 320 1989 ¹¹)
342 1948 389 1979 Cf.
407 1954 566 1980 comment.
584 1959 692 1981 meam
707 1952 744 1981 de
761 1951 943 1982 ostracismo
963 1951 993 1991 §.
1008 1951 1030 1981 4
1048 1950 1078 1981 in
1094 1949 1222 1991 Encycl.
1235 1949 1298 1980 Art.
1308 1949 1367 1988 111,
1387 1949 1408 1980 7
1422 1959 1452 1989 p.
1465 1949 1525 1980 180
1535 1958 1600 1990 sqq.
1704 1951 1757 1990 ²²)
1778 1949 1914 1981 Homer.
1933 1948 2009 1979 11.B.
2024 1948 2073 1978 95.
2090 1945 2155 1979 ὑπὸ

186 1989 217 2021 δ’
233 1990 435 2029 ὶστοναχίζετο
454 1994 543 2032 γαῖα,
563 1993 649 2022 &univ
664 1990 856 2030 lto'vrmw—
876 2011 880 2014 >
897 1993 1020 2034 σπουδῇ
1040 1992 1068 2022 δ’
1090 1992 1171 2028 ἕζετο
1198 1989 1292 2027 λαός,
1316 1990 1468 2029 ἐρήτυθεν
1484 1990 1516 2021 δὲ
1530 1991 1605 2022 καθ’
1622 1991 1714 2032 ἕδρας
1728 1994 1791 2023 κτλ.
1814 1994 1845 2020 ut
1864 1994 1907 2019 tot
1928 1988 2013 2019 locos
2027 1992 2156 2024 taceam,

188 2029 299 2067 quibus
316 2033 344 2057 et
358 2038 484 2067 surgere
505 2029 642 2059 dicuntur
664 2031 715 2069 qui
729 2032 825 2061 verba
842 2035 911 2061 sunt
930 2030 1059 2067 facturi,
1081 2035 1109 2059 et
1129 2029 1307 2065 considere,
1329 2028 1379 2067 qni
1391 2030 1485 2058 verba
1500 2029 1652 2067 seron-ut,
1673 2035 1753 2062 τοῖσι
1775 2031 1803 2062 δ’
1822 2029 2027 2068 α’νισεάμενος
2040 2027 2156 2067 μετέφη

190 2070 259 2107 (Α,
280 2067 347 2104 57.)
372 2067 444 2108 ἤτοι
470 2068 516 2108 ὅγ’
539 2068 582 2105 ὣς
608 2070 703 2101 εἰπών
729 2068 793 2101 κατ’
817 2069 867 2108 ἄρ’
890 2071 970 2108 ἕζετο
999 2069 1064 2109 (ib.
1081 2069 1151 2109 68.)
1261 2069 1317 2107 Ι3)
1346 2068 1473 2098 Omnem
1500 2068 1578 2099 tollit
1604 2069 1820 2100 dubitationem
1841 2067 1874 2098 Τ
1871 2066 1946 2098 lucc.
1971 2067 2001 2106 1,
2023 2066 2062 2097 87
2083 2064 2157 2098 ἄνα-

190 2109 303 2149 στήτω.
404 2109 460 2148 ¹⁴)
482 2108 529 2140 Cf.
546 2107 646 2139 Dem.
670 2109 747 2140 Mid.
773 2110 803 2150 §.
826 2110 874 2141 18.
982 2110 1039 2149 ¹³)
1059 2107 1210 2140 Rueck-h.
1229 2108 1265 2139 0.
1283 2107 1306 2138 1.
1328 2107 1381 2138 Gr.
1399 2108 1428 2145 1,
1451 2119 1480 2147 p.
1501 2109 1568 2140 125.
1674 2110 1730 2149 ¹⁶)
1753 2109 1832 2140 Rem
1848 2118 1885 2139 ue
1910 2107 1977 2147 quis
1994 2116 2014 2136 a
2030 2116 2079 2137 me
2100 2115 2156 2136 ex-

192 2158 233 2187 ag
255 2147 337 2178 erari
355 2146 549 2186 criminetur,
569 2158 696 2187 moneo,
718 2149 857 2179 Lutetiae
874 2149 1064 2180 Parisiorum
1083 2158 1111 2179 a.
1132 2150 1160 2179 d.
1177 2147 1285 2178 XXVI.
1301 2147 1375 2177 Dec.
1393 2147 1486 2185 1837,
1516 2158 1583 2178 rum
1603 2148 1635 2178 in
1659 2148 1787 2179 concilio
1810 2149 1981 2187 legatorum
2000 2145 2157 2191 (deputes)

193 2159 364 2218 Galliarum
385 2185 533 2227 suffragia
560 2188 675 2218 ferrem
698 2187 835 2219 cccuL
855 2188 966 2229 legati,
989 2188 1167 2218 electionem
1189 2196 1295 2217 eorum
1310 2186 1360 2226 qui
1381 2191 1483 2217 essent
1501 2197 1556 2227 pro
1573 2188 1716 2227 praeside
1734 2188 1878 2219 horarum
1901 2186 1997 2217 fuisse
2025 2189 2114 2214 trium
2128 2188 2158 2214 et

189 2226 334 2258 dimidiae
351 2225 475 2264 (Journ.
492 2228 546 2257 des
563 2227 671 2257 debats
685 2227 734 2259 27.
748 2227 893 2268 Betim),
915 2228 1050 2267 sequenti
1071 2227 1120 2258 die
1137 2236 1227 2274 quum
1240 2225 1425 2266 eligerentur
1436 2226 1484 2265 qui
1501 2231 1605 2256 essent
1631 2227 1759 2258 concilio
1776 2237 1796 2258 a
1814 2226 1941 2257 secretis
1964 2228 2069 2264 „cette
2085 2232 2158 2262 ope-

192 2266 295 2297 ration
318 2264 362 2303 (le
378 2265 612 2304 depouillement
633 2268 672 2297 du
693 2268 823 2307 scrutin)
847 2267 1039 2298 commencee
1060 2266 1079 2297 ὁ
1094 2272 1169 2297 trois
1185 2267 1280 2296 hears
1298 2270 1345 2296 est
1363 2265 1496 2296 athenio
1512 2264 1532 2296 ῖι
1549 2266 1616 2306 cinq
1634 2267 1727 2298 henrs
1741 2267 1840 2298 moins
1855 2276 1894 2296 un
1913 2269 2001 2304 quart
2008 2265 2044 2298 “3
2065 2271 2159 2301 quam

193 2311 256 2336 tum
274 2310 375 2335 autem
400 2304 527 2335 interest
551 2305 791 2337 litteratissimus
811 2306 982 2337 Galliarum
1003 2306 1141 2346 legatos,
1175 2305 1333 2345 suffragiis
1360 2305 1496 2345 serendis
1520 2306 1726 2345 exercitatos,
1760 2307 1792 2337 in
1812 2305 1960 2342 suffragia
1986 2302 2104 2333 mittere
2130 2306 2160 2332 et

193 2344 312 2375 Atticos
328 2343 430 2381 cives,
450 2345 617 2375 maximam
637 2351 754 2384 partem
769 2346 960 2384 illitteratos,
984 2355 1108 2385 quorum
1148 2344 1251 2375 lurimi
1261 2353 1333 2374 raro
1345 2344 1532 2375 interfuerint
1552 2346 1703 2384 concioni,
1724 2346 1833 2385 quibus
1850 2352 1959 2374 nomen
1977 2350 2037 2371 non
2050 2346 2081 2371 nt
2099 2340 2161 2370 illi·

197 2391 334 2425 papyro,
354 2383 409 2413 sed
432 2384 549 2413 testulis
564 2385 788 2416 inscribendum
800 2390 884 2422 erat3
906 2386 985 2424 qnod
1006 2386 1085 2424 apud
1101 2385 1120 2414 il
1138 2395 1173 2415 os
1186 2384 1276 2414 trium
1291 2384 1436 2414 horarum
1455 2389 1519 2423 cst,
1541 2385 1620 2424 apud
1633 2386 1691 2417 hos
1708 2390 1809 2424 esset,
1826 2388 1858 2415 ut
1870 2382 2025 2415 minimum
2039 2389 2161 2423 ponam,

198 2428 316 2463 septem
333 2421 382 2453 vel
403 2432 461 2453 sex
480 2422 640 2464 horarum,
662 2424 689 2456 si
713 2425 802 2457 idem
824 2430 939 2456 tantum
959 2429 1044 2456 esset
1061 2424 1210 2465 suffragia
1227 2423 1387 2455 ferentium
1406 2433 1557 2456 numerus.
2150 2429 2154 2434 ‘
