2263 2788
1018 78 1312 99 —v—

181 144 228 177 ab
244 146 392 178 oratore
420 154 540 191 genus
562 144 671 178 abiici
693 155 829 187 suum3
859 143 1032 191 legatum
1055 149 1183 177 autem
1204 143 1410 178 Phaeacem
1435 151 1608 178 constare
1637 153 1728 176 sane
1751 141 1793 175 in
1820 139 1971 174 Italiam
1995 150 2076 173 esse
2099 147 2138 173 et

179 192 220 229 in
243 193 408 228 Siciliam
432 191 609 239 missum,
645 193 711 228 sed
740 192 830 228 inde
849 192 1081 239 'Thucydide
1109 199 1209 228 te'ste
1235 193 1391 229 domum
1416 192 1638 238 revertisse,
1678 191 1724 226 ab
1753 197 1903 226 oratore
1935 195 2064 223 autem
2086 188 2137 222 ia-

180 244 272 277 omri
290 243 498 290 legationes
516 245 561 277 ab
580 256 622 277 se
645 244 759 277 etiam
778 244 818 277 in
837 241 1033 277 Thessalia
1052 250 1090 277 et
1102 244 1327 278 Macedonia
1355 251 1394 278 et
1415 243 1643 289 Thesprotia
1670 242 1800 276 obitas.
1853 239 1928 275 Sed
1948 251 1998 273 ne
2016 238 2138 284 prima

179 292 334 338 quidem
357 299 446 327 nota
461 293 512 327 ita
530 292 627 327 cadit
645 292 686 326 in
706 292 916 326 Phaeacem
936 298 979 326 ut
998 292 1040 327 in
1058 292 1161 326 hunc
1185 293 1313 327 solum*
1324 292 1543 337 conveniat,
1575 291 1642 326 sed
1658 292 1709 325 ita
1727 290 1823 325 cadit
1844 297 1888 323 ut
1903 288 1949 322 ab
1968 288 2137 322 Phaeace

176 352 256 376 non
275 341 492 387 abhorreat,
520 350 564 377 ut
583 342 631 377 de
650 342 817 376 Phaeace
834 343 1001 388 potuerit
1020 342 1247 389 praedicari,
1269 343 1373 377 idem
1389 354 1478 377 vero
1497 342 1657 377 arbitror
1679 341 1791 376 etiam
1805 340 1847 374 in
1863 338 2028 384 reliquas
2042 336 2135 371 duas

176 396 284 424 notas
306 390 438 424 cadere
457 392 502 425 ab
526 391 757 425 Ruhnkenio
783 391 957 426 sublatas.
986 392 1140 425 Etenim
1161 392 1192 425 si
1209 403 1336 437 neque
1359 392 1509 426 Phaeax
1535 391 1701 425 obscuris
1724 397 1803 424 erat
1826 388 2033 430 natalibus,
2068 397 2135 420 ne-

178 450 253 485 que
274 439 451 475 orationis
477 447 581 475 actor
596 451 717 488 genus
733 452 846 474 suum
868 440 1070 475 obscurum
1086 441 1203 476 fuisse
1228 440 1335 486 dicit,
1361 441 1392 475 si
1413 441 1562 475 Phaeax
1576 440 1617 474 in
1633 440 1780 474 Italiam
1800 444 1838 472 et
1851 437 2015 472 Siciliam
2032 435 2131 483 lega-

180 494 242 522 tus
256 488 325 522 ivit
339 495 376 522 et
386 490 563 523 orationis
578 496 682 524 actor
695 500 736 522 se
747 500 826 523 non
833 496 983 523 tantum
992 489 1091 524 'illuc
1103 490 1170 525 sed
1183 490 1340 537 insuper
1350 491 1463 525 etiam
1478 490 1519 524 in
1526 490 1761 523 Thessaliam
1771 495 1809 522 et
1817 486 2086 521 Macedoniam
2096 491 2134 518 et

175 536 440 584 Thesprotiam
465 539 634 586 legatum
654 538 811 572 missum
838 549 920 572 esse
940 547 1231 584 commemorat,
1271 540 1368 573 nihil
1393 547 1495 574 certe
1522 539 1623 573 inest
1650 537 1830 581 orationi,
1863 536 1965 570 unde
1989 534 2132 568 Phaea-

176 598 259 621 cem
283 599 361 622 non
383 599 495 634 posse
513 588 627 621 huius
648 588 824 622 orationis
842 594 1010 622 actorem
1029 600 1109 623 esse
1137 589 1413 635 comprobetur.
1474 589 1518 623 Id
1533 596 1577 622 ut
1595 600 1673 622 non
1686 588 1853 621 multum
1873 593 1946 630 est,
1980 585 2033 619 ita
2049 594 2130 617 non

175 643 233 670 est
250 637 362 683 plane
379 637 497 680 nihil,
524 648 566 669 ea
590 636 708 681 enim,
736 644 779 671 ut
794 637 867 671 hoc
885 644 988 682 utar,
1011 637 1221 672 Andocides
1247 650 1296 671 ne
1318 638 1505 685 potuisset
1522 637 1677 683 quidem
1699 637 1745 670 de
1770 648 1809 669 se
1827 635 2051 682 praedicare.
2078 652 2131 661 -·-

172 686 238 719 ΙΙΙ.
266 686 347 720 Iam
374 698 433 720 res
459 685 557 720 redit
581 685 627 719 ad
648 686 811 731 triarios,
847 686 894 721 ad
918 687 1014 721 illud
1039 687 1181 733 telum,
1217 687 1318 734 quod
1345 687 1558 734 retorqueri
1586 687 1696 721 nullo
1722 684 1857 729 modo,
1889 684 1936 717 ad
1957 683 1996 717 id
2018 693 2129 730 argu-

171 743 346 770 mentum
356 761 366 779 ,
395 735 496 780 quod
516 735 618 769 nulla
634 736 671 769 vi
692 736 871 770 infirmari
887 748 1001 784 posse
1014 737 1200 783 Taylorus
1216 738 1365 781 statuit,
1390 738 1633 772 Plutarchum
1643 737 1680 781 ⁷)
1713 736 1815 770 enim
1830 734 1925 768 haec
1939 732 2129 779 posuisse:

170 788 316 828 φέρεται
339 785 379 817 δὲ
398 787 455 817 καὶ
471 785 570 825 λόγος
591 796 642 822 τις
666 784 738 818 κατ’
759 785 978 827 Ἀλκιβιάδου
1006 789 1064 819 καὶ
1085 789 1238 824 Φαίακος
1262 790 1509 831 γεγραμμένος,
1544 787 1583 819 ἐν
1605 784 1632 830 ᾦ
1656 787 1744 828 μετὰ
1772 783 1841 817 τῶν
1865 782 1978 817 ἄλλων
2001 784 2128 825 γέγρα-

171 846 279 874 πται,
310 837 367 867 καὶ
390 832 443 868 ὅτι
475 834 535 877 τῆς
562 835 695 873 πόλεως
720 836 834 869 πολλὰ
855 839 1013 879 πομπεῖα
1034 835 1148 881 χρυσᾶ
1169 840 1226 870 καὶ
1251 836 1385 882 ἀργυρᾶ
1409 838 1608 880 κεκτημένης
1634 834 1849 878 ’Λλκιβιιίδης
1874 831 1992 877 ἐχρῆτο
2018 830 2129 865 πᾶσιν

170 882 287 921 αὐτοῖς
315 882 426 926 ὥςπερ
464 885 566 921 ἰδίοις
601 886 689 929 πρὸς
719 887 781 928 τὴν
805 884 887 918 καθ’
917 883 1043 930 ἡμέραν
1071 887 1217 920 δίαιταν.
1284 889 1355 921 Hic
1380 898 1449 933 pro
1479 889 1537 920 καὶ
1563 889 1717 923 Φαίακος
1748 897 1794 919 ex
1825 884 1905 917 cod.
1932 893 2002 916 ms,
2065 881 2128 914 Al-

172 933 261 967 dino
284 946 364 968 esse
392 931 463 967 ὖπὸ
488 937 640 973 Φαίακος
671 935 930 979 scribendum3
966 948 1063 982 quae
1080 943 1209 971 autem
1233 937 1348 971 verba
1367 937 1407 970 in
1428 936 1606 971 Phaeacis
1636 942 1764 970 contra
1790 931 2022 968 Alcibiadem
2046 941 2128 964 ora-

168 982 273 1017 tione
294 983 354 1017 hic
381 983 552 1018 dicantur
578 992 723 1029 extare,
761 996 804 1019 ea
828 985 908 1031 ipsa
933 985 974 1019 in
994 986 1065 1020 hac
1081 986 1177 1034 legi,
1215 998 1313 1031 quae
1333 986 1535 1020 Andocidis
1550 997 1694 1020 nomen
1714 995 1804 1031 prae
1830 994 1870 1017 se
1891 982 1987 1016 ferat
2006 979 2040 1027 §-
2059 982 2127 1014 29:

168 1032 213 1065 τὰ
238 1036 395 1075 πομπεῖα
418 1035 515 1077 παρὰ
539 1033 610 1067 τῶν
633 1032 858 1079 ιῖρχιθεωρῶν
880 1035 1106 1078 αἰτησάμενος
1132 1032 1176 1073 οἷς
1205 1036 1255 1073 εἶς
1276 1034 1458 1069 τάπινίκια
1481 1034 1524 1083 τῇ
1546 1038 1739 1079 προτεραίᾳ
1765 1032 1822 1075 τῆς
1845 1034 1972 1068 θυσίας
1996 1030 2126 1074 χρησό-

167 1094 287 1124 μενος,
312 1083 502 1126 ἐξηπάτησε
528 1087 584 1117 καὶ
612 1083 807 1118 ἀποδοῦναι
831 1083 892 1118 οὔκ
918 1084 1043 1127 ἤθελε,
1075 1086 1280 1128 βουλόμενος
1307 1085 1350 1133 τῇ
1373 1082 1541 1130 ὑστεραίᾳ
1565 1086 1732 1129 πρότερος
1756 1082 1814 1127 τῆς
1837 1082 1969 1119 πόλεως
1992 1080 2126 1123 χρήσα-

168 1135 258 1165 σθαι
285 1136 355 1170 τοῖς
370 1137 507 1177 χρυσοῖς
524 1136 695 1178 χερνίβοις
711 1137 768 1167 καὶ
792 1137 1046 1179 θυμιατηρίοις.
1103 1137 1153 1169 At
1174 1147 1264 1169 vero
1286 1147 1379 1181 quos
1399 1136 1503 1170 locos
1523 1136 1678 1170 eosdem
1705 1146 1787 1169 esse
1808 1131 1999 1180 praedicat
2027 1130 2126 1174 Tay-

165 1183 289 1227 lorus,
317 1194 381 1217 eos
399 1191 437 1217 et
453 1184 575 1218 verbis
594 1184 839 1219 vehementer
856 1185 993 1220 distare
1020 1197 1147 1231 neque
1169 1185 1409 1219 mediocriter
1426 1186 1613 1220 sententia
1633 1186 1843 1230 discrepare
1860 1179 2125 1216 Valckenarius

167 1239 205 1265 et
228 1232 477 1266 Ruhnkenius
500 1234 587 1267 satis
606 1234 881 1279 probaverunt3
915 1246 1000 1268 vasa
1025 1235 1127 1269 enim
1152 1245 1255 1268 sacra
1280 1235 1326 1268 ab
1341 1235 1533 1268 Alcibiade
1554 1234 1776 1268 Plutarchus
1802 1231 2060 1277 quotidianos,
2084 1228 2125 1262 id

164 1287 220 1314 est
248 1281 424 1327 profanos
449 1281 494 1316 ad
519 1293 607 1316 usus
616 1307 627 1326 ,
664 1289 790 1316 orator
812 1283 876 1317 hic
904 1283 951 1317 ad
976 1294 1155 1329 pompam
1183 1291 1221 1317 et
1246 1283 1591 1317 commissationem
1611 1282 1851 1329 olympicam
1875 1286 2000 1314 narrat
2019 1278 2124 1311 adhi-

163 1329 259 1374 bita,
303 1341 399 1376 quae
422 1342 481 1365 res
507 1338 595 1366 sunt
621 1331 912 1376 diversissimae3
953 1344 1080 1379 neque
1108 1332 1149 1367 in
1171 1332 1268 1367 illud
1291 1333 1485 1367 invehitur
1510 1340 1654 1377 orator,
1699 1331 1800 1378 quod
1829 1329 1942 1364 sacris
1967 1327 2122 1362 civitatis

163 1380 256 1413 vasis
275 1380 483 1414 Alcibiades
503 1381 550 1414 sit
566 1380 611 1415 ad
629 1381 773 1427 privata
798 1381 953 1415 ἐπινίκια
970 1382 1128 1426 abusus,
1158 1382 1224 1416 sed
1247 1382 1349 1428 quod
1372 1394 1457 1416 vasa
1477 1383 1523 1416 ab
1544 1382 1777 1429 principibus
1798 1380 1941 1414 Atticae
1962 1376 2122 1425 legatio-

162 1429 220 1462 nis
248 1439 373 1462 sacrae
397 1429 443 1462 ad
472 1430 721 1475 epiniciorum
750 1431 895 1477 privata
924 1432 1123 1465 sollemnia
1159 1438 1376 1476 mutuatus,
1419 1431 1579 1465 reddere
1606 1431 1788 1477 postridie
1813 1427 1997 1470 noluerit,
2032 1436 2121 1459 cum

160 1477 312 1528 publice
338 1478 542 1513 haberetur
567 1491 705 1526 pompa
729 1480 912 1526 fieretque
944 1481 1168 1515 sacrificium
1192 1481 1239 1515 ab
1258 1481 1463 1515 victoribus
1492 1481 1763 1525 certaminum,
1799 1478 1844 1513 ab
1868 1474 2120 1526 legationibus

160 1527 291 1572 sacris,
324 1528 370 1561 ab
389 1528 654 1574 hellanodicis,
699 1530 766 1564 sed
789 1541 859 1564 suo
879 1531 1030 1577 publice
1049 1531 1148 1565 facto
1166 1530 1347 1565 sacrificio
1372 1531 1475 1577 prius
1500 1530 1731 1573 adhibuerit3
1761 1540 1835 1575 quo
1862 1526 1957 1561 illud
1989 1535 2121 1580 conse·

162 1583 271 1610 cutus
297 1583 354 1610 est
371 1577 600 1622 Alcibiades,
630 1585 674 1612 ut
692 1590 780 1613 cum
800 1579 897 1614 vasis
918 1580 1054 1614 iisdem
1076 1580 1198 1614 Attica
1226 1588 1357 1627 postea
1382 1580 1747 1624 utereturftheoria,
1780 1589 1857 1612 non
1879 1576 1961 1622 ipse
1991 1574 2119 1608 civita-

160 1626 226 1670 tis,
261 1625 329 1660 sed
355 1625 482 1660 civitas
505 1627 706 1662 Alcibiadis
737 1640 823 1663 vasa
858 1627 1050 1664 videretur
1073 1636 1208 1663 mutuo
1234 1630 1471 1676 accepisse.⁸)
1544 1629 1589 1664 In
1618 1628 1820 1663 Plutarcho
1851 1633 1978 1660 autem
2004 1634 2120 1669 quam

158 1675 343 1721 Taylorus
388 1676 560 1722 probavit
600 1677 822 1724 scripturam
862 1686 975 1726 atque
1022 1687 1249 1726 receperunt
1286 1679 1446 1725 Coraes,
1492 1679 1693 1723 Baehrius,
1743 1676 1962 1712 Schaeferus
2007 1697 2030 1714 „
2047 1669 2117 1706 ὖπό

158 1727 311 1762 Φαίακος
319 1730 361 1765 ,“
395 1736 480 1759 eam
517 1726 700 1771 Xylandri
736 1735 887 1762 tantum
926 1741 1008 1763 esse
1041 1729 1331 1773 correctionem,
1370 1730 1416 1763 ab
1451 1740 1643 1774 anonymo
1672 1728 1908 1770 adnotatam,
1948 1724 1991 1757 in
2019 1723 2118 1757 libro

162 1781 290 1809 autem
322 1773 430 1808 nullo
459 1783 648 1822 repertam
671 1776 759 1811 satis
791 1777 902 1812 evicit
925 1778 1205 1823 Sintenisius,⁹)
1247 1778 1312 1824 qui
1339 1789 1427 1813 cum
1449 1778 1674 1825 scripturam
1701 1783 1873 1819 tueatur,
1898 1784 1995 1819 quae
2014 1783 2117 1807 com-

157 1824 284 1859 munis
320 1831 376 1859 est
413 1824 597 1860 librorum
631 1827 824 1873 omnium,
869 1828 1098 1863 sententiam
1136 1835 1265 1863 autern
1301 1828 1383 1863 eius
1417 1828 1517 1863 hanc
1551 1828 1645 1863 velit
1678 1838 1758 1862 esse
1805 1823 2029 1871 „Phaeacis,
2071 1828 2116 1856 ut

154 1874 197 1907 in
226 1874 307 1908 aliis
342 1874 455 1907 rebus
496 1875 710 1909 adversatus
749 1884 806 1910 est
834 1877 1037 1922 Alcibiadi,
1085 1878 1137 1911 ita
1188 1878 1301 1911 etiam
1353 1878 1473 1911 oratio
1514 1885 1634 1921 extat3
1678 1878 1841 1911 alterum
1883 1876 1961 1913 καί,
2010 1871 2115 1917 (111Οᾶ

94 1968 96 1971 v
156 1930 213 1957 est
240 1930 326 1958 ante
345 1926 498 1962 Φαίακος
521 1924 599 1959 vim
621 1925 720 1960 hanc
745 1926 881 1972 habet,
914 1934 958 1962 ut
978 1926 1120 1962 indicet
1143 1927 1254 1961 etiam
1287 1925 1514 1972 Phaeacem,
1550 1933 1595 1961 ut
1621 1926 1794 1973 Lysiam,
1836 1922 2115 1970 Antiphontem

154 1973 385 2007 orationibus
416 1975 621 2022 exagitasse
652 1976 939 2021 Alcibiadem,“
978 1977 1082 2011 haud
1109 1977 1184 2011 scio
1214 1988 1263 2011 an
1294 1977 1528 2024 ingeniosius
1557 1977 1606 2011 sit
1633 1988 1747 2022 quarn
1779 1974 1902 2009 verius
1932 1979 2113 2007 versatus.

151 2022 286 2068 Neque
308 2022 410 2056 enim
431 2031 496 2057 aut
519 2035 540 2058 e
559 2035 602 2057 re
626 2035 728 2059 nunc
751 2032 847 2070 erat,
870 2025 966 2060 illud
990 2026 1174 2061 indicasse
1199 2025 1301 2072 quod
1319 2026 1409 2060 dicit
1427 2025 1586 2060 indicari
1605 2025 1846 2068 Sintenisius,
1891 2034 1980 2057 cum
1998 2022 2038 2055 in
2052 2020 2112 2065 iis,

152 2083 250 2117 quae
265 2072 493 2106 antecedunt
513 2074 707 2119 proxime,
740 2075 847 2109 nulla
870 2075 918 2109 sit
943 2076 1004 2110 vel
1027 2076 1307 2122 Antiphonteae
1335 2076 1397 2110 vel
1414 2076 1601 2122 Lysianae
1623 2075 1802 2110 orationis
1827 2072 1973 2107 mentio
2000 2071 2109 2114 facta,

152 2127 219 2154 aut
241 2120 293 2155 ita
311 2128 368 2155 est
384 2120 609 2168 indicatum,
635 2131 678 2157 ut
701 2123 884 2160 indicium
906 2124 1008 2160 facili
1025 2126 1181 2174 negotio
1199 2125 1417 2174 intellegas,
1452 2126 1594 2160 etenim
1618 2125 1651 2159 si
1680 2124 1798 2159 voluit
1822 2122 1919 2157 illud
1939 2118 2110 2164 indicari,

151 2169 282 2216 quidni
299 2170 447 2216 scripsit
467 2172 591 2206 multo
605 2173 831 2220 simplicius:
867 2176 1012 2219 φέρεται
1032 2176 1070 2209 δὲ
1095 2178 1152 2209 καὶ
1171 2177 1325 2213 Φαίακος
1347 2178 1404 2209 καὶ
1424 2176 1523 2216 λόγος
1541 2186 1593 2214 τις
1626 2173 1697 2208 κατ’
1719 2171 1935 2215 Ἀλκιβιάδου
1954 2181 2110 2214 ἵέἵθαμ·

152 2220 278 2266 μένος.)
312 2219 395 2254 ,Uti
422 2220 524 2256 enim
544 2233 648 2257 nunc
669 2223 828 2271 scriptus
853 2231 909 2258 est
931 2225 1060 2272 locus,
1089 2229 1146 2260 καὶ
1166 2228 1318 2264 Φαίακος
1334 2226 1396 2260 vix
1413 2225 1568 2260 divellas
1585 2225 1631 2259 ab
1647 2222 1720 2258 κατ’
1733 2222 1972 2265 Ἀλκιβιάδου,
1995 2227 2109 2266 atque

232 2337 244 2353 ⁷
259 2334 270 2369 )
292 2332 352 2362 Vin.
370 2332 520 2371 Alcibiad.
538 2344 564 2364 c.
581 2335 629 2366 13.
737 2338 751 2357 ⁸
766 2338 777 2374 )
799 2337 845 2367 Cf.
869 2343 1063 2383 commentat.
1091 2349 1198 2370 nean
1217 2341 1254 2371 de
1273 2340 1441 2380 Olympior.
1457 2340 1518 2372 lud.
1534 2340 1565 2380 §.
1576 2340 1607 2372 6.
1625 2340 1657 2371 in
1676 2338 1843 2379 Επεὶ-οἱον.
1869 2338 1931 2368 Art.
1947 2333 2003 2372 Ill,
2028 2332 2067 2362 Τ·
2085 2331 2109 2364 3

148 2382 180 2412 p.
194 2370 264 2403 301.
283 2379 329 2411 sq.
345 2375 406 2403 not.
425 2371 456 2404 2.
520 2373 553 2413 ⁹)
573 2375 613 2405 ad
632 2374 787 2409 Plutarch.
806 2374 916 2409 renel.
927 2388 958 2419 p.
976 2377 1047 2411 279.
